ts_ns,side,price_e8,qty_e8,agg_trade_id
1704585600129000000,-1,4395660000000,12900000,1973571399
1704585601616000000,1,4395670000000,3400000,1973571400
1704585601871000000,1,4395670000000,300000,1973571401
1704585602393000000,1,4395670000000,500000,1973571402
1704585603009000000,-1,4395660000000,300000,1973571403
1704585603010000000,1,4395670000000,10700000,1973571404
1704585603017000000,-1,4395660000000,600000,1973571405
1704585603028000000,1,4395670000000,250500000,1973571406
1704585603043000000,-1,4395660000000,50000000,1973571407
1704585603049000000,1,4395670000000,5000000,1973571408
1704585603091000000,-1,4395660000000,106900000,1973571409
1704585603091000000,-1,4395650000000,11600000,1973571410
1704585603091000000,-1,4395610000000,28500000,1973571411
1704585603091000000,-1,4395600000000,106800000,1973571412
1704585603091000000,-1,4395550000000,1300000,1973571413
1704585603091000000,-1,4395520000000,800000,1973571414
1704585603091000000,-1,4395500000000,1000000,1973571415
1704585603091000000,-1,4395470000000,1200000,1973571416
1704585603091000000,-1,4395460000000,1100000,1973571417
1704585603091000000,-1,4395450000000,1000000,1973571418
1704585603091000000,-1,4395440000000,800000,1973571419
1704585603091000000,-1,4395430000000,21700000,1973571420
1704585603091000000,-1,4395400000000,1000000,1973571421
1704585603091000000,-1,4395370000000,12600000,1973571422
1704585603091000000,-1,4395350000000,1300000,1973571423
1704585603091000000,-1,4395310000000,300000,1973571424
1704585603091000000,-1,4395300000000,1800000,1973571425
1704585603091000000,-1,4395270000000,3100000,1973571426
1704585603092000000,-1,4395260000000,10700000,1973571427
1704585603092000000,-1,4395250000000,1300000,1973571428
1704585603105000000,-1,4395240000000,7100000,1973571429
1704585603105000000,-1,4395210000000,300000,1973571430
1704585603105000000,-1,4395200000000,4300000,1973571431
1704585603109000000,1,4395270000000,25200000,1973571432
1704585603141000000,-1,4395200000000,2100000,1973571433
1704585603141000000,1,4395270000000,100400000,1973571434
1704585603144000000,-1,4395200000000,51000000,1973571435
1704585603144000000,-1,4395180000000,300000,1973571436
1704585603144000000,-1,4395160000000,2300000,1973571437
1704585603144000000,-1,4395150000000,16900000,1973571438
1704585603144000000,-1,4395140000000,23100000,1973571439
1704585603144000000,-1,4395110000000,2300000,1973571440
1704585603144000000,-1,4395100000000,13000000,1973571441
1704585603144000000,-1,4395090000000,300000,1973571442
1704585603144000000,-1,4395080000000,1100000,1973571443
1704585603144000000,-1,4395060000000,65900000,1973571444
1704585603145000000,-1,4395050000000,34500000,1973571445
1704585603145000000,-1,4395040000000,43000000,1973571446
1704585603145000000,-1,4395030000000,19600000,1973571447
1704585603145000000,-1,4395020000000,7700000,1973571448
1704585603158000000,1,4395270000000,4100000,1973571449
1704585603158000000,1,4395280000000,5300000,1973571450
1704585603268000000,1,4395030000000,13200000,1973571451
1704585603274000000,-1,4395020000000,700000,1973571452
1704585603274000000,1,4395030000000,25200000,1973571453
1704585603398000000,1,4395030000000,600000,1973571454
1704585603420000000,-1,4395020000000,300000,1973571455
1704585603425000000,1,4395030000000,1800000,1973571456
1704585603538000000,1,4395030000000,2900000,1973571457
1704585603577000000,-1,4395020000000,1800000,1973571458
1704585603616000000,1,4395030000000,37600000,1973571459
1704585603641000000,-1,4395020000000,2500000,1973571460
1704585603644000000,1,4395030000000,12500000,1973571461
1704585603756000000,1,4395030000000,122900000,1973571462
1704585603820000000,1,4395040000000,300000,1973571463
1704585603820000000,1,4395150000000,300000,1973571464
1704585604002000000,1,4395300000000,10300000,1973571465
1704585604180000000,1,4395300000000,15500000,1973571466
1704585604180000000,1,4395310000000,300000,1973571467
1704585604180000000,1,4395370000000,800000,1973571468
1704585604180000000,1,4395500000000,900000,1973571469
1704585604180000000,1,4395520000000,300000,1973571470
1704585604180000000,1,4395560000000,300000,1973571471
1704585604180000000,1,4395580000000,800000,1973571472
1704585604180000000,1,4395640000000,7200000,1973571473
1704585604180000000,1,4395650000000,91000000,1973571474
1704585604180000000,1,4395660000000,3200000,1973571475
1704585604180000000,1,4395670000000,2700000,1973571476
1704585604180000000,1,4395700000000,300000,1973571477
1704585604180000000,1,4395720000000,300000,1973571478
1704585604180000000,1,4395750000000,300000,1973571479
1704585604180000000,1,4395800000000,1100000,1973571480
1704585604180000000,1,4395820000000,3600000,1973571481
1704585604180000000,1,4395830000000,300000,1973571482
1704585604180000000,1,4395850000000,300000,1973571483
1704585604180000000,1,4395870000000,16300000,1973571484
1704585604180000000,1,4395880000000,11600000,1973571485
1704585604180000000,1,4395890000000,2000000,1973571486
1704585604180000000,1,4395900000000,2100000,1973571487
1704585604180000000,1,4395920000000,12800000,1973571488
1704585604180000000,1,4395930000000,800000,1973571489
1704585604180000000,1,4395940000000,7900000,1973571490
1704585604180000000,1,4395950000000,1600000,1973571491
1704585604180000000,1,4395970000000,11400000,1973571492
1704585604180000000,1,4395990000000,2300000,1973571493
1704585604180000000,1,4396000000000,1300000,1973571494
1704585604180000000,1,4396040000000,300000,1973571495
1704585604180000000,1,4396050000000,1300000,1973571496
1704585604180000000,1,4396060000000,4600000,1973571497
1704585604180000000,1,4396100000000,1300000,1973571498
1704585604180000000,1,4396120000000,13900000,1973571499
1704585604180000000,1,4396130000000,4500000,1973571500
1704585604180000000,1,4396150000000,25000000,1973571501
1704585604180000000,1,4396160000000,30000000,1973571502
1704585604180000000,1,4396190000000,4500000,1973571503
1704585604180000000,1,4396200000000,22700000,1973571504
1704585604180000000,1,4396230000000,22800000,1973571505
1704585604180000000,1,4396240000000,322100000,1973571506
1704585604284000000,1,4396240000000,346000000,1973571507
1704585604335000000,-1,4396230000000,83300000,1973571508
1704585604344000000,-1,4396220000000,19200000,1973571509
1704585604373000000,1,4395960000000,10000000,1973571510
1704585604379000000,-1,4395950000000,39000000,1973571511
1704585604472000000,1,4395960000000,3600000,1973571512
1704585604608000000,1,4395960000000,800000,1973571513
1704585604613000000,-1,4395950000000,300000,1973571514
1704585604643000000,1,4395960000000,20000000,1973571515
1704585604649000000,-1,4395950000000,2700000,1973571516
1704585604792000000,1,4395960000000,300000,1973571517
1704585604836000000,-1,4395950000000,400000,1973571518
1704585604950000000,1,4395960000000,24500000,1973571519
1704585605199000000,-1,4395950000000,4000000,1973571520
1704585605303000000,1,4395960000000,700000,1973571521
1704585605386000000,-1,4395950000000,42400000,1973571522
1704585605518000000,1,4395960000000,48400000,1973571523
1704585605641000000,1,4395960000000,15800000,1973571524
1704585605748000000,1,4395960000000,900000,1973571525
1704585605856000000,1,4395960000000,600000,1973571526
1704585605865000000,-1,4395950000000,300000,1973571527
1704585605867000000,1,4395960000000,6200000,1973571528
1704585606093000000,-1,4395950000000,400000,1973571529
1704585606237000000,-1,4395950000000,7200000,1973571530
1704585606276000000,1,4395960000000,35600000,1973571531
1704585606314000000,-1,4395950000000,2200000,1973571532
1704585606321000000,1,4395960000000,11400000,1973571533
1704585606433000000,1,4395960000000,477300000,1973571534
1704585606433000000,1,4395970000000,300000,1973571535
1704585606433000000,1,4396050000000,101900000,1973571536
1704585606433000000,1,4396100000000,55000000,1973571537
1704585606433000000,1,4396130000000,207300000,1973571538
1704585606500000000,1,4396150000000,900000,1973571539
1704585606521000000,-1,4396140000000,18900000,1973571540
1704585606624000000,-1,4396140000000,1400000,1973571541
1704585606624000000,1,4396150000000,500000,1973571542
1704585606624000000,-1,4396140000000,46200000,1973571543
1704585606757000000,-1,4396140000000,7600000,1973571544
1704585606765000000,1,4396150000000,300000,1973571545
1704585606799000000,-1,4396140000000,175100000,1973571546
1704585606901000000,1,4396150000000,12500000,1973571547
1704585607002000000,1,4396160000000,300000,1973571548
1704585607002000000,1,4396220000000,157500000,1973571549
1704585607093000000,1,4396230000000,300000,1973571550
1704585607093000000,1,4396290000000,800000,1973571551
1704585607093000000,1,4396320000000,800000,1973571552
1704585607093000000,1,4396350000000,1000000,1973571553
1704585607093000000,1,4396380000000,300000,1973571554
1704585607093000000,1,4396400000000,1000000,1973571555
1704585607093000000,1,4396450000000,1000000,1973571556
1704585607093000000,1,4396500000000,1000000,1973571557
1704585607093000000,1,4396520000000,1000000,1973571558
1704585607093000000,1,4396550000000,1300000,1973571559
1704585607093000000,1,4396590000000,68800000,1973571560
1704585607093000000,1,4396600000000,1300000,1973571561
1704585607093000000,1,4396630000000,300000,1973571562
1704585607093000000,1,4396640000000,22100000,1973571563
1704585607102000000,1,4396650000000,217000000,1973571564
1704585607198000000,1,4396660000000,600000,1973571565
1704585607198000000,1,4396680000000,500000,1973571566
1704585607198000000,1,4396700000000,15000000,1973571567
1704585607198000000,1,4396740000000,1000000,1973571568
1704585607198000000,1,4396750000000,1000000,1973571569
1704585607198000000,1,4396770000000,6600000,1973571570
1704585607198000000,1,4396780000000,300000,1973571571
1704585607198000000,1,4396800000000,1000000,1973571572
1704585607198000000,1,4396840000000,46200000,1973571573
1704585607198000000,1,4396850000000,3200000,1973571574
1704585607198000000,1,4396860000000,3100000,1973571575
1704585607198000000,1,4396870000000,90900000,1973571576
1704585607198000000,1,4396880000000,5100000,1973571577
1704585607198000000,1,4396900000000,1000000,1973571578
1704585607198000000,1,4396940000000,1900000,1973571579
1704585607198000000,1,4396950000000,1000000,1973571580
1704585607198000000,1,4396960000000,11400000,1973571581
1704585607198000000,1,4396980000000,1600000,1973571582
1704585607198000000,1,4397000000000,1000000,1973571583
1704585607198000000,1,4397040000000,10700000,1973571584
1704585607198000000,1,4397050000000,1300000,1973571585
1704585607198000000,1,4397060000000,9100000,1973571586
1704585607198000000,1,4397090000000,300000,1973571587
1704585607198000000,1,4397100000000,1300000,1973571588
1704585607198000000,1,4397120000000,1100000,1973571589
1704585607198000000,1,4397140000000,26200000,1973571590
1704585607198000000,1,4397150000000,17700000,1973571591
1704585607198000000,1,4397200000000,1300000,1973571592
1704585607198000000,1,4397210000000,300000,1973571593
1704585607198000000,1,4397220000000,14100000,1973571594
1704585607238000000,1,4397260000000,28700000,1973571595
1704585607238000000,1,4397270000000,58500000,1973571596
1704585607300000000,-1,4397340000000,3000000,1973571597
1704585607338000000,1,4397350000000,1000000,1973571598
1704585607338000000,1,4397370000000,300000,1973571599
1704585607338000000,1,4397400000000,1000000,1973571600
1704585607338000000,1,4397450000000,1000000,1973571601
1704585607338000000,1,4397460000000,2000000,1973571602
1704585607338000000,1,4397500000000,1000000,1973571603
1704585607338000000,1,4397530000000,900000,1973571604
1704585607338000000,1,4397540000000,300000,1973571605
1704585607338000000,1,4397550000000,1000000,1973571606
1704585607338000000,1,4397570000000,300000,1973571607
1704585607338000000,1,4397600000000,1000000,1973571608
1704585607338000000,1,4397630000000,1000000,1973571609
1704585607338000000,1,4397650000000,15000000,1973571610
1704585607338000000,1,4397660000000,2400000,1973571611
1704585607338000000,1,4397670000000,1100000,1973571612
1704585607338000000,1,4397690000000,41100000,1973571613
1704585607444000000,1,4397690000000,7800000,1973571614
1704585607560000000,-1,4397680000000,7300000,1973571615
1704585607588000000,1,4397690000000,11100000,1973571616
1704585607714000000,1,4397690000000,17800000,1973571617
1704585607764000000,-1,4397680000000,13000000,1973571618
1704585607771000000,-1,4397560000000,1000000,1973571619
1704585607771000000,-1,4397520000000,400000,1973571620
1704585607771000000,-1,4397390000000,1100000,1973571621
1704585607771000000,-1,4397380000000,1200000,1973571622
1704585607855000000,1,4397370000000,100600000,1973571623
1704585607911000000,-1,4397360000000,800000,1973571624
1704585608082000000,1,4397370000000,19400000,1973571625
1704585608386000000,-1,4397360000000,8300000,1973571626
1704585608458000000,1,4397370000000,300000,1973571627
1704585608480000000,-1,4397360000000,4000000,1973571628
1704585608616000000,1,4397370000000,7300000,1973571629
1704585608730000000,-1,4397360000000,4100000,1973571630
1704585608834000000,1,4397370000000,179400000,1973571631
1704585608893000000,-1,4397360000000,11000000,1973571632
1704585609015000000,1,4397370000000,100400000,1973571633
1704585609023000000,-1,4397360000000,40000000,1973571634
1704585609023000000,-1,4397350000000,300000,1973571635
1704585609023000000,-1,4397310000000,800000,1973571636
1704585609045000000,-1,4397250000000,2300000,1973571637
1704585609045000000,-1,4397200000000,800000,1973571638
1704585609045000000,-1,4397160000000,3600000,1973571639
1704585609087000000,-1,4397140000000,2300000,1973571640
1704585609087000000,-1,4397060000000,2300000,1973571641
1704585609202000000,-1,4397000000000,700000,1973571642
1704585609306000000,-1,4397000000000,1900000,1973571643
1704585609310000000,1,4397010000000,8700000,1973571644
1704585609422000000,-1,4397000000000,1100000,1973571645
1704585609452000000,1,4397010000000,4300000,1973571646
1704585609611000000,1,4397010000000,524400000,1973571647
1704585609669000000,1,4397020000000,60300000,1973571648
1704585609669000000,1,4397030000000,3500000,1973571649
1704585609669000000,1,4397130000000,22000000,1973571650
1704585609669000000,1,4397140000000,67100000,1973571651
1704585609669000000,1,4397150000000,16200000,1973571652
1704585609669000000,1,4397160000000,34700000,1973571653
1704585609669000000,1,4397240000000,27100000,1973571654
1704585609669000000,1,4397250000000,34700000,1973571655
1704585609669000000,1,4397260000000,34700000,1973571656
1704585609669000000,1,4397280000000,300000,1973571657
1704585609672000000,-1,4397270000000,17200000,1973571658
1704585609701000000,-1,4397300000000,1500000,1973571659
1704585609795000000,1,4397310000000,6900000,1973571660
1704585609852000000,-1,4397300000000,300000,1973571661
1704585609880000000,1,4397310000000,400000,1973571662
1704585609997000000,1,4397310000000,500000,1973571663
1704585610043000000,-1,4397300000000,17500000,1973571664
1704585610047000000,1,4397310000000,500000,1973571665
1704585610196000000,1,4397310000000,12200000,1973571666
1704585610542000000,1,4397310000000,300000,1973571667
1704585610549000000,-1,4397300000000,700000,1973571668
1704585610594000000,1,4397310000000,1600000,1973571669
1704585610764000000,1,4397310000000,6300000,1973571670
1704585610790000000,-1,4397300000000,3700000,1973571671
1704585610947000000,1,4397310000000,22000000,1973571672
1704585610997000000,-1,4397300000000,1900000,1973571673
1704585611127000000,-1,4397300000000,300000,1973571674
1704585611231000000,1,4397310000000,500000,1973571675
1704585611289000000,-1,4397300000000,4800000,1973571676
1704585611396000000,1,4397310000000,1100000,1973571677
1704585611397000000,-1,4397300000000,3000000,1973571678
1704585611510000000,-1,4397300000000,900000,1973571679
1704585611600000000,1,4397310000000,500000,1973571680
1704585611747000000,-1,4397300000000,3200000,1973571681
1704585612031000000,-1,4397300000000,4000000,1973571682
1704585612111000000,1,4397310000000,10300000,1973571683
1704585612217000000,-1,4397300000000,18900000,1973571684
1704585612273000000,1,4397310000000,19100000,1973571685
1704585612792000000,1,4397310000000,38000000,1973571686
1704585613032000000,1,4397310000000,20200000,1973571687
1704585613244000000,1,4397310000000,1200000,1973571688
1704585613375000000,1,4397310000000,62700000,1973571689
1704585613555000000,-1,4397300000000,11400000,1973571690
1704585613741000000,1,4397310000000,95600000,1973571691
1704585613756000000,-1,4397300000000,600000,1973571692
1704585613767000000,1,4397310000000,141300000,1973571693
1704585613775000000,-1,4397300000000,100000,1973571694
1704585613778000000,1,4397310000000,71900000,1973571695
1704585613893000000,1,4397310000000,4200000,1973571696
1704585614189000000,1,4397310000000,22900000,1973571697
1704585614291000000,1,4397310000000,400000,1973571698
1704585614402000000,1,4397310000000,19300000,1973571699
1704585614402000000,1,4397320000000,2700000,1973571700
1704585614402000000,1,4397350000000,12600000,1973571701
1704585614402000000,1,4397360000000,18800000,1973571702
1704585614402000000,1,4397370000000,800000,1973571703
1704585614402000000,1,4397380000000,800000,1973571704
1704585614402000000,1,4397410000000,16100000,1973571705
1704585614402000000,1,4397530000000,1100000,1973571706
1704585614402000000,1,4397560000000,14900000,1973571707
1704585614427000000,1,4397640000000,4200000,1973571708
1704585615009000000,1,4397640000000,54800000,1973571709
1704585615148000000,-1,4397630000000,900000,1973571710
1704585615416000000,1,4397640000000,10000000,1973571711
1704585615528000000,-1,4397630000000,600000,1973571712
1704585615646000000,-1,4397630000000,12900000,1973571713
1704585615823000000,-1,4397630000000,300000,1973571714
1704585615829000000,1,4397640000000,1100000,1973571715
1704585616036000000,1,4397640000000,17500000,1973571716
1704585616045000000,-1,4397630000000,100000000,1973571717
1704585616045000000,1,4397640000000,1800000,1973571718
1704585616213000000,-1,4397630000000,1000000,1973571719
1704585616236000000,1,4397640000000,2600000,1973571720
1704585616451000000,1,4397640000000,6400000,1973571721
1704585616458000000,-1,4397630000000,54100000,1973571722
1704585616693000000,-1,4397630000000,2800000,1973571723
1704585616823000000,1,4397640000000,130600000,1973571724
1704585616844000000,-1,4397630000000,1500000,1973571725
1704585616951000000,1,4397640000000,100000,1973571726
1704585617056000000,1,4397640000000,800000,1973571727
1704585617160000000,1,4397640000000,400000,1973571728
1704585617544000000,1,4397640000000,600000,1973571729
1704585617653000000,-1,4397630000000,1000000,1973571730
1704585617741000000,1,4397640000000,1200000,1973571731
1704585617815000000,-1,4397630000000,1300000,1973571732
1704585618015000000,1,4397640000000,91400000,1973571733
1704585618137000000,1,4397640000000,8600000,1973571734
1704585618196000000,-1,4397630000000,1600000,1973571735
1704585618241000000,1,4397640000000,3800000,1973571736
1704585618298000000,-1,4397630000000,1200000,1973571737
1704585618501000000,-1,4397630000000,1700000,1973571738
1704585618788000000,1,4397640000000,300000,1973571739
1704585618834000000,-1,4397630000000,2400000,1973571740
1704585618904000000,1,4397640000000,2400000,1973571741
1704585619072000000,-1,4397630000000,13800000,1973571742
1704585619259000000,-1,4397630000000,8200000,1973571743
1704585619492000000,-1,4397630000000,6300000,1973571744
1704585619595000000,1,4397640000000,200000000,1973571745
1704585619708000000,1,4397640000000,1900000,1973571746
1704585619772000000,-1,4397630000000,3400000,1973571747
1704585619926000000,1,4397640000000,1000000,1973571748
1704585620132000000,1,4397640000000,400000,1973571749
1704585620236000000,1,4397640000000,2800000,1973571750
1704585620311000000,-1,4397630000000,3800000,1973571751
1704585620440000000,1,4397640000000,2400000,1973571752
1704585620493000000,-1,4397630000000,2200000,1973571753
1704585620509000000,1,4397640000000,3500000,1973571754
1704585620530000000,-1,4397630000000,400000,1973571755
1704585620637000000,-1,4397630000000,1000000,1973571756
1704585620769000000,-1,4397630000000,500000,1973571757
1704585621059000000,1,4397640000000,3900000,1973571758
1704585621170000000,-1,4397630000000,700000,1973571759
1704585621266000000,1,4397640000000,1600000,1973571760
1704585621576000000,1,4397640000000,300000,1973571761
1704585621611000000,-1,4397630000000,500000,1973571762
1704585621719000000,-1,4397630000000,1100000,1973571763
1704585621776000000,1,4397640000000,400000,1973571764
1704585621907000000,1,4397640000000,100000,1973571765
1704585621932000000,-1,4397630000000,474800000,1973571766
1704585621933000000,-1,4397620000000,385300000,1973571767
1704585621933000000,-1,4397410000000,800000,1973571768
1704585621933000000,-1,4397390000000,3900000,1973571769
1704585621933000000,-1,4397380000000,11400000,1973571770
1704585621933000000,-1,4397340000000,300000,1973571771
1704585621933000000,-1,4397310000000,179700000,1973571772
1704585621933000000,-1,4397300000000,672600000,1973571773
1704585621933000000,-1,4397270000000,27900000,1973571774
1704585621933000000,-1,4397260000000,300000,1973571775
1704585621933000000,-1,4397230000000,40000000,1973571776
1704585621933000000,-1,4397200000000,11000000,1973571777
1704585621933000000,-1,4397190000000,21300000,1973571778
1704585621933000000,-1,4397180000000,300000,1973571779
1704585621933000000,-1,4397160000000,5400000,1973571780
1704585621933000000,-1,4397150000000,300000,1973571781
1704585621933000000,-1,4397100000000,600000,1973571782
1704585621933000000,-1,4397080000000,600000,1973571783
1704585621933000000,-1,4397070000000,2300000,1973571784
1704585621933000000,-1,4397050000000,600000,1973571785
1704585621933000000,-1,4397040000000,13700000,1973571786
1704585621933000000,-1,4397030000000,20600000,1973571787
1704585621933000000,-1,4397020000000,25400000,1973571788
1704585621933000000,-1,4397010000000,10300000,1973571789
1704585621933000000,-1,4397000000000,38100000,1973571790
1704585621933000000,-1,4396980000000,2300000,1973571791
1704585621933000000,-1,4396970000000,300000,1973571792
1704585621933000000,-1,4396960000000,42500000,1973571793
1704585621933000000,-1,4396950000000,20900000,1973571794
1704585621933000000,-1,4396940000000,14000000,1973571795
1704585621933000000,-1,4396930000000,70700000,1973571796
1704585621933000000,-1,4396910000000,91700000,1973571797
1704585621933000000,-1,4396900000000,47700000,1973571798
1704585621933000000,-1,4396890000000,300000,1973571799
1704585621933000000,-1,4396880000000,4500000,1973571800
1704585621933000000,-1,4396870000000,15900000,1973571801
1704585621933000000,-1,4396850000000,900000,1973571802
1704585621933000000,-1,4396830000000,213600000,1973571803
1704585621933000000,-1,4396820000000,215200000,1973571804
1704585621933000000,-1,4396810000000,6800000,1973571805
1704585621933000000,-1,4396800000000,48500000,1973571806
1704585621933000000,-1,4396790000000,59000000,1973571807
1704585621933000000,-1,4396780000000,2300000,1973571808
1704585621933000000,-1,4396770000000,300000,1973571809
1704585621933000000,-1,4396760000000,13700000,1973571810
1704585621933000000,-1,4396750000000,5800000,1973571811
1704585621933000000,-1,4396740000000,13700000,1973571812
1704585621933000000,-1,4396720000000,172800000,1973571813
1704585621933000000,-1,4396710000000,7500000,1973571814
1704585621933000000,-1,4396700000000,45600000,1973571815
1704585621933000000,-1,4396680000000,52500000,1973571816
1704585621933000000,-1,4396670000000,109300000,1973571817
1704585621933000000,-1,4396650000000,3600000,1973571818
1704585621933000000,-1,4396640000000,33300000,1973571819
1704585621933000000,-1,4396620000000,3100000,1973571820
1704585621933000000,-1,4396610000000,11400000,1973571821
1704585621933000000,-1,4396600000000,69400000,1973571822
1704585621933000000,-1,4396590000000,13600000,1973571823
1704585621933000000,-1,4396580000000,1100000,1973571824
1704585621933000000,-1,4396570000000,228500000,1973571825
1704585621933000000,-1,4396560000000,150500000,1973571826
1704585621933000000,-1,4396550000000,122800000,1973571827
1704585621933000000,-1,4396540000000,102300000,1973571828
1704585621933000000,-1,4396520000000,81800000,1973571829
1704585621933000000,-1,4396510000000,23900000,1973571830
1704585621933000000,-1,4396500000000,173700000,1973571831
1704585621933000000,-1,4396490000000,96000000,1973571832
1704585621934000000,-1,4396480000000,485700000,1973571833
1704585621934000000,-1,4396470000000,136400000,1973571834
1704585621934000000,-1,4396450000000,37100000,1973571835
1704585621959000000,-1,4396800000000,8700000,1973571836
1704585621993000000,-1,4396750000000,2500000,1973571837
1704585621995000000,1,4396810000000,800000,1973571838
1704585622147000000,1,4396810000000,3600000,1973571839
1704585622332000000,-1,4396800000000,2700000,1973571840
1704585622382000000,1,4396810000000,700000,1973571841
1704585622581000000,1,4396810000000,700000,1973571842
1704585622602000000,-1,4396800000000,4600000,1973571843
1704585622782000000,1,4396810000000,700000,1973571844
1704585622856000000,-1,4396800000000,5200000,1973571845
1704585622899000000,1,4396810000000,5300000,1973571846
1704585623225000000,1,4396810000000,6600000,1973571847
1704585623231000000,1,4396820000000,300000,1973571848
1704585623231000000,1,4396860000000,2800000,1973571849
1704585623231000000,1,4396950000000,800000,1973571850
1704585623293000000,-1,4396970000000,500000,1973571851
1704585623400000000,1,4396990000000,600000,1973571852
1704585623566000000,-1,4396980000000,300000,1973571853
1704585623594000000,1,4396990000000,92800000,1973571854
1704585623602000000,1,4397000000000,300000,1973571855
1704585623603000000,1,4397040000000,1900000,1973571856
1704585623785000000,-1,4397170000000,400000,1973571857
1704585623785000000,1,4397180000000,3000000,1973571858
1704585623872000000,1,4397190000000,800000,1973571859
1704585623873000000,1,4397250000000,300000,1973571860
1704585623918000000,1,4397260000000,15500000,1973571861
1704585623999000000,-1,4397250000000,600000,1973571862
1704585624131000000,-1,4397250000000,1100000,1973571863
1704585624182000000,1,4397260000000,16300000,1973571864
1704585624214000000,1,4397270000000,300000,1973571865
1704585624501000000,1,4397270000000,6700000,1973571866
1704585624702000000,-1,4397260000000,500000,1973571867
1704585624835000000,-1,4397260000000,600000,1973571868
1704585625007000000,1,4397270000000,300000,1973571869
1704585625187000000,1,4397270000000,6900000,1973571870
1704585625187000000,1,4397280000000,300000,1973571871
1704585625203000000,1,4397340000000,300000,1973571872
1704585625203000000,1,4397400000000,1800000,1973571873
1704585625255000000,-1,4397410000000,1800000,1973571874
1704585625414000000,-1,4397410000000,600000,1973571875
1704585625769000000,-1,4397410000000,300000,1973571876
1704585625916000000,1,4397420000000,4000000,1973571877
1704585625991000000,-1,4397410000000,795900000,1973571878
1704585625991000000,-1,4397400000000,11600000,1973571879
1704585625991000000,-1,4397360000000,4700000,1973571880
1704585625991000000,-1,4397350000000,125800000,1973571881
1704585625991000000,-1,4397340000000,110000000,1973571882
1704585625991000000,-1,4397330000000,109100000,1973571883
1704585625991000000,-1,4397300000000,600000,1973571884
1704585625991000000,-1,4397290000000,400000,1973571885
1704585625991000000,-1,4397280000000,83800000,1973571886
1704585625991000000,-1,4397270000000,110000000,1973571887
1704585625991000000,-1,4397260000000,112100000,1973571888
1704585625991000000,-1,4397250000000,600000,1973571889
1704585625991000000,-1,4397230000000,800000,1973571890
1704585625991000000,-1,4397160000000,2600000,1973571891
1704585625991000000,-1,4397140000000,5200000,1973571892
1704585625991000000,-1,4397130000000,11400000,1973571893
1704585625991000000,-1,4397120000000,300000,1973571894
1704585625991000000,-1,4397090000000,2900000,1973571895
1704585625991000000,-1,4397080000000,2700000,1973571896
1704585625991000000,-1,4397070000000,400000,1973571897
1704585625991000000,-1,4397060000000,11400000,1973571898
1704585625991000000,-1,4397040000000,4200000,1973571899
1704585625991000000,-1,4397030000000,1100000,1973571900
1704585625991000000,-1,4397000000000,600000,1973571901
1704585625991000000,-1,4396980000000,600000,1973571902
1704585625991000000,-1,4396970000000,3500000,1973571903
1704585625992000000,-1,4396950000000,8000000,1973571904
1704585625992000000,-1,4396940000000,3400000,1973571905
1704585625992000000,-1,4396930000000,2300000,1973571906
1704585625992000000,-1,4396920000000,4300000,1973571907
1704585625992000000,-1,4396910000000,11400000,1973571908
1704585625992000000,-1,4396900000000,300000,1973571909
1704585625992000000,-1,4396880000000,7200000,1973571910
1704585625992000000,-1,4396870000000,1800000,1973571911
1704585625992000000,-1,4396860000000,32200000,1973571912
1704585625992000000,-1,4396850000000,4900000,1973571913
1704585625992000000,-1,4396820000000,14600000,1973571914
1704585625992000000,-1,4396810000000,62100000,1973571915
1704585625992000000,-1,4396800000000,17200000,1973571916
1704585625992000000,-1,4396790000000,200000,1973571917
1704585625992000000,-1,4396780000000,52500000,1973571918
1704585625992000000,-1,4396770000000,3100000,1973571919
1704585625992000000,-1,4396760000000,91500000,1973571920
1704585625992000000,-1,4396750000000,300000,1973571921
1704585625992000000,-1,4396740000000,2300000,1973571922
1704585625992000000,-1,4396730000000,12000000,1973571923
1704585625992000000,-1,4396720000000,13700000,1973571924
1704585625992000000,-1,4396710000000,13700000,1973571925
1704585625992000000,-1,4396700000000,50800000,1973571926
1704585625992000000,-1,4396690000000,10300000,1973571927
1704585625992000000,-1,4396680000000,82500000,1973571928
1704585625992000000,-1,4396670000000,91200000,1973571929
1704585625992000000,-1,4396650000000,83900000,1973571930
1704585625992000000,-1,4396640000000,10600000,1973571931
1704585625992000000,-1,4396630000000,1900000,1973571932
1704585625992000000,-1,4396620000000,8000000,1973571933
1704585625992000000,-1,4396610000000,4500000,1973571934
1704585625992000000,-1,4396600000000,9300000,1973571935
1704585625992000000,-1,4396590000000,4500000,1973571936
1704585625992000000,-1,4396580000000,800000,1973571937
1704585625992000000,-1,4396570000000,171300000,1973571938
1704585625992000000,-1,4396550000000,300000,1973571939
1704585625992000000,-1,4396530000000,156400000,1973571940
1704585625992000000,-1,4396510000000,300000,1973571941
1704585625992000000,-1,4396500000000,300000,1973571942
1704585625992000000,-1,4396490000000,2200000,1973571943
1704585625992000000,-1,4396480000000,81800000,1973571944
1704585625992000000,-1,4396470000000,11400000,1973571945
1704585625992000000,-1,4396450000000,5700000,1973571946
1704585625992000000,-1,4396430000000,157800000,1973571947
1704585625992000000,-1,4396420000000,25400000,1973571948
1704585625992000000,-1,4396410000000,600000,1973571949
1704585625992000000,-1,4396400000000,49500000,1973571950
1704585625992000000,-1,4396380000000,1300000,1973571951
1704585625992000000,-1,4396360000000,32600000,1973571952
1704585625992000000,-1,4396350000000,1900000,1973571953
1704585625992000000,-1,4396320000000,58100000,1973571954
1704585625992000000,-1,4396310000000,500000,1973571955
1704585625992000000,-1,4396300000000,2400000,1973571956
1704585625992000000,-1,4396290000000,105100000,1973571957
1704585625992000000,-1,4396280000000,2200000,1973571958
1704585625992000000,-1,4396250000000,6200000,1973571959
1704585625992000000,-1,4396240000000,21700000,1973571960
1704585625992000000,-1,4396230000000,51600000,1973571961
1704585625992000000,-1,4396210000000,1100000,1973571962
1704585625992000000,-1,4396200000000,34400000,1973571963
1704585625992000000,-1,4396180000000,800000,1973571964
1704585625992000000,-1,4396170000000,5000000,1973571965
1704585625992000000,-1,4396160000000,72000000,1973571966
1704585625992000000,-1,4396150000000,12000000,1973571967
1704585625992000000,-1,4396140000000,11900000,1973571968
1704585625992000000,-1,4396130000000,1100000,1973571969
1704585625992000000,-1,4396120000000,36400000,1973571970
1704585625992000000,-1,4396100000000,1300000,1973571971
1704585625992000000,-1,4396080000000,6800000,1973571972
1704585625992000000,-1,4396070000000,4500000,1973571973
1704585625992000000,-1,4396060000000,5300000,1973571974
1704585625992000000,-1,4396050000000,50800000,1973571975
1704585625992000000,-1,4396040000000,80400000,1973571976
1704585626005000000,1,4396050000000,60200000,1973571977
1704585626008000000,1,4396110000000,3500000,1973571978
1704585626008000000,1,4396130000000,600000,1973571979
1704585626014000000,-1,4396110000000,300000,1973571980
1704585626016000000,1,4396120000000,300000,1973571981
1704585626021000000,1,4396370000000,2400000,1973571982
1704585626108000000,-1,4396380000000,1300000,1973571983
1704585626135000000,1,4396390000000,300000,1973571984
1704585626135000000,1,4396400000000,300000,1973571985
1704585626141000000,1,4396420000000,300000,1973571986
1704585626141000000,1,4396430000000,2300000,1973571987
1704585626144000000,1,4396530000000,2300000,1973571988
1704585626144000000,1,4396600000000,900000,1973571989
1704585626150000000,1,4396700000000,2300000,1973571990
1704585626150000000,1,4396800000000,600000,1973571991
1704585626193000000,1,4396830000000,2800000,1973571992
1704585626304000000,-1,4396820000000,1600000,1973571993
1704585626412000000,-1,4396820000000,612200000,1973571994
1704585626485000000,-1,4396810000000,22500000,1973571995
1704585626485000000,-1,4396800000000,7900000,1973571996
1704585626485000000,-1,4396720000000,77500000,1973571997
1704585626487000000,-1,4396680000000,76000000,1973571998
1704585626497000000,-1,4396540000000,1200000,1973571999
1704585626498000000,-1,4396520000000,1100000,1973572000
1704585626498000000,-1,4396410000000,11400000,1973572001
1704585626498000000,-1,4396380000000,8500000,1973572002
1704585626498000000,-1,4396320000000,20700000,1973572003
1704585626498000000,-1,4396290000000,300000,1973572004
1704585626498000000,-1,4396260000000,63900000,1973572005
1704585626498000000,-1,4396250000000,16300000,1973572006
1704585626498000000,-1,4396210000000,2300000,1973572007
1704585626498000000,-1,4396200000000,5500000,1973572008
1704585626498000000,-1,4396170000000,2300000,1973572009
1704585626498000000,-1,4396160000000,9800000,1973572010
1704585626498000000,-1,4396150000000,388900000,1973572011
1704585626557000000,1,4396160000000,3700000,1973572012
1704585626562000000,-1,4396150000000,212800000,1973572013
1704585626594000000,1,4396160000000,1800000,1973572014
1704585626614000000,-1,4396150000000,16400000,1973572015
1704585626838000000,1,4396160000000,16100000,1973572016
1704585626839000000,-1,4396150000000,500000,1973572017
1704585626877000000,1,4396160000000,1300000,1973572018
1704585627394000000,1,4396160000000,45900000,1973572019
1704585627512000000,-1,4396150000000,1400000,1973572020
1704585627675000000,1,4396160000000,500000,1973572021
1704585627799000000,-1,4396150000000,6200000,1973572022
1704585628339000000,-1,4396150000000,900000,1973572023
1704585628587000000,-1,4396150000000,351600000,1973572024
1704585628587000000,-1,4396140000000,300000,1973572025
1704585628587000000,-1,4396130000000,71700000,1973572026
1704585628587000000,-1,4396110000000,53400000,1973572027
1704585628587000000,-1,4396100000000,52000000,1973572028
1704585628587000000,-1,4396070000000,600000,1973572029
1704585628587000000,-1,4396040000000,45900000,1973572030
1704585628587000000,-1,4396030000000,400000,1973572031
1704585628587000000,-1,4396010000000,800000,1973572032
1704585628587000000,-1,4396000000000,1500000,1973572033
1704585628587000000,-1,4395980000000,1200000,1973572034
1704585628587000000,-1,4395970000000,1200000,1973572035
1704585628587000000,-1,4395960000000,4900000,1973572036
1704585628587000000,-1,4395950000000,70400000,1973572037
1704585628764000000,1,4395960000000,4200000,1973572038
1704585628893000000,1,4395960000000,205200000,1973572039
1704585628919000000,1,4396040000000,1200000,1973572040
1704585628919000000,1,4396100000000,800000,1973572041
1704585628919000000,1,4396130000000,26100000,1973572042
1704585628919000000,1,4396150000000,400000,1973572043
1704585628919000000,1,4396160000000,4400000,1973572044
1704585628919000000,1,4396170000000,7800000,1973572045
1704585628919000000,1,4396180000000,8900000,1973572046
1704585628919000000,1,4396200000000,11400000,1973572047
1704585628919000000,1,4396220000000,300000,1973572048
1704585628919000000,1,4396300000000,2400000,1973572049
1704585628919000000,1,4396310000000,3500000,1973572050
1704585628919000000,1,4396350000000,1700000,1973572051
1704585628919000000,1,4396370000000,9200000,1973572052
1704585628975000000,-1,4396370000000,4000000,1973572053
1704585629072000000,1,4396380000000,300000,1973572054
1704585629072000000,1,4396470000000,600000,1973572055
1704585629104000000,-1,4396460000000,2500000,1973572056
1704585629397000000,-1,4396460000000,479000000,1973572057
1704585629397000000,-1,4396450000000,300000,1973572058
1704585629397000000,-1,4396370000000,400000,1973572059
1704585629397000000,-1,4396350000000,300000,1973572060
1704585629397000000,-1,4396300000000,174400000,1973572061
1704585629397000000,-1,4396290000000,1800000,1973572062
1704585629397000000,-1,4396280000000,174300000,1973572063
1704585629397000000,-1,4396240000000,1100000,1973572064
1704585629397000000,-1,4396230000000,1800000,1973572065
1704585629397000000,-1,4396200000000,11400000,1973572066
1704585629397000000,-1,4396150000000,1200000,1973572067
1704585629397000000,-1,4396130000000,500000,1973572068
1704585629397000000,-1,4396090000000,16000000,1973572069
1704585629397000000,-1,4396050000000,300000,1973572070
1704585629397000000,-1,4396040000000,11400000,1973572071
1704585629397000000,-1,4396010000000,81800000,1973572072
1704585629397000000,-1,4396000000000,300000,1973572073
1704585629397000000,-1,4395990000000,43700000,1973572074
1704585629788000000,-1,4395990000000,17200000,1973572075
1704585629938000000,-1,4395990000000,600000,1973572076
1704585629993000000,1,4396000000000,600000,1973572077
1704585630063000000,-1,4395990000000,2600000,1973572078
1704585630119000000,1,4396000000000,500000,1973572079
1704585630149000000,-1,4395990000000,17500000,1973572080
1704585630541000000,-1,4395990000000,5000000,1973572081
1704585630735000000,1,4396000000000,600000,1973572082
1704585630735000000,1,4396010000000,3000000,1973572083
1704585630735000000,1,4396020000000,3000000,1973572084
1704585630735000000,1,4396030000000,3000000,1973572085
1704585630735000000,1,4396040000000,3000000,1973572086
1704585630735000000,1,4396050000000,3000000,1973572087
1704585630735000000,1,4396060000000,3100000,1973572088
1704585630735000000,1,4396140000000,800000,1973572089
1704585630735000000,1,4396220000000,3300000,1973572090
1704585630754000000,1,4396260000000,3300000,1973572091
1704585631024000000,1,4396360000000,6400000,1973572092
1704585631257000000,1,4396360000000,1100000,1973572093
1704585631599000000,-1,4396350000000,2700000,1973572094
1704585631996000000,-1,4396350000000,113500000,1973572095
1704585632142000000,-1,4396350000000,16100000,1973572096
1704585632183000000,1,4396360000000,11300000,1973572097
1704585632803000000,-1,4396350000000,210300000,1973572098
1704585632940000000,-1,4396350000000,6100000,1973572099
1704585633322000000,-1,4396350000000,400000,1973572100
1704585633474000000,-1,4396350000000,4400000,1973572101
1704585633593000000,1,4396360000000,353600000,1973572102
1704585633594000000,1,4396370000000,300000,1973572103
1704585633594000000,1,4396380000000,56800000,1973572104
1704585633594000000,1,4396390000000,12100000,1973572105
1704585633594000000,1,4396400000000,54000000,1973572106
1704585633594000000,1,4396410000000,6900000,1973572107
1704585633594000000,1,4396440000000,700000,1973572108
1704585633594000000,1,4396470000000,25400000,1973572109
1704585633594000000,1,4396480000000,400000,1973572110
1704585633594000000,1,4396500000000,800000,1973572111
1704585633594000000,1,4396530000000,6900000,1973572112
1704585633594000000,1,4396540000000,1700000,1973572113
1704585633594000000,1,4396550000000,10900000,1973572114
1704585633594000000,1,4396560000000,44500000,1973572115
1704585633594000000,1,4396570000000,48900000,1973572116
1704585633594000000,1,4396580000000,47100000,1973572117
1704585633594000000,1,4396600000000,300000,1973572118
1704585633594000000,1,4396610000000,55700000,1973572119
1704585633594000000,1,4396630000000,2000000,1973572120
1704585633594000000,1,4396650000000,3300000,1973572121
1704585633594000000,1,4396660000000,700000,1973572122
1704585633594000000,1,4396680000000,1300000,1973572123
1704585633594000000,1,4396690000000,44700000,1973572124
1704585633594000000,1,4396700000000,21300000,1973572125
1704585633834000000,-1,4396670000000,4500000,1973572126
1704585634219000000,-1,4396670000000,3400000,1973572127
1704585634594000000,1,4396680000000,300000,1973572128
1704585634895000000,-1,4396670000000,1400000,1973572129
1704585634945000000,1,4396680000000,37600000,1973572130
1704585634945000000,1,4396690000000,300000,1973572131
1704585634945000000,1,4396700000000,6200000,1973572132
1704585634945000000,1,4396770000000,56800000,1973572133
1704585634945000000,1,4396820000000,20600000,1973572134
1704585634945000000,1,4396830000000,58200000,1973572135
1704585634945000000,1,4396870000000,300000,1973572136
1704585634945000000,1,4396900000000,1000000,1973572137
1704585634945000000,1,4396930000000,150900000,1973572138
1704585634945000000,1,4396940000000,90900000,1973572139
1704585634945000000,1,4396950000000,1000000,1973572140
1704585634945000000,1,4396960000000,300000,1973572141
1704585634945000000,1,4397000000000,1000000,1973572142
1704585634945000000,1,4397010000000,136400000,1973572143
1704585634945000000,1,4397020000000,4800000,1973572144
1704585634945000000,1,4397040000000,10700000,1973572145
1704585634945000000,1,4397050000000,11300000,1973572146
1704585634945000000,1,4397080000000,300000,1973572147
1704585634945000000,1,4397090000000,11800000,1973572148
1704585634945000000,1,4397100000000,1600000,1973572149
1704585634945000000,1,4397110000000,76000000,1973572150
1704585634945000000,1,4397150000000,1300000,1973572151
1704585634945000000,1,4397170000000,7700000,1973572152
1704585634945000000,1,4397180000000,91200000,1973572153
1704585634945000000,1,4397190000000,21800000,1973572154
1704585635102000000,1,4397270000000,76900000,1973572155
1704585635275000000,1,4397270000000,4700000,1973572156
1704585635435000000,1,4397270000000,1300000,1973572157
1704585635775000000,-1,4397260000000,1500000,1973572158
1704585635823000000,1,4397270000000,300000,1973572159
1704585636028000000,1,4397270000000,1000000,1973572160
1704585636157000000,-1,4397260000000,800000,1973572161
1704585636218000000,1,4397270000000,1800000,1973572162
1704585636337000000,-1,4397260000000,300000,1973572163
1704585636525000000,1,4397270000000,44200000,1973572164
1704585637042000000,-1,4397260000000,15000000,1973572165
1704585637042000000,-1,4397250000000,14200000,1973572166
1704585637042000000,-1,4397060000000,21900000,1973572167
1704585637042000000,-1,4397050000000,3700000,1973572168
1704585637046000000,-1,4396980000000,7400000,1973572169
1704585637046000000,-1,4396970000000,70000000,1973572170
1704585637110000000,1,4396760000000,21500000,1973572171
1704585637110000000,-1,4396750000000,50300000,1973572172
1704585637278000000,1,4396750000000,2200000,1973572173
1704585637316000000,-1,4396740000000,800000,1973572174
1704585637662000000,-1,4396740000000,2200000,1973572175
1704585638128000000,-1,4396740000000,15800000,1973572176
1704585638128000000,-1,4396730000000,400000,1973572177
1704585638128000000,-1,4396720000000,6700000,1973572178
1704585638128000000,-1,4396710000000,16000000,1973572179
1704585638128000000,-1,4396670000000,5800000,1973572180
1704585638169000000,-1,4396650000000,100000,1973572181
1704585638169000000,-1,4396640000000,1100000,1973572182
1704585638169000000,-1,4396610000000,800000,1973572183
1704585638169000000,-1,4396600000000,1400000,1973572184
1704585638384000000,1,4396590000000,300000,1973572185
1704585638384000000,-1,4396580000000,19500000,1973572186
1704585638621000000,-1,4396570000000,100000,1973572187
1704585638621000000,-1,4396440000000,800000,1973572188
1704585638621000000,-1,4396380000000,800000,1973572189
1704585638726000000,1,4396370000000,2500000,1973572190
1704585638835000000,1,4396370000000,300000,1973572191
1704585638980000000,-1,4396360000000,600000,1973572192
1704585639068000000,1,4396370000000,2500000,1973572193
1704585639221000000,1,4396370000000,2900000,1973572194
1704585639456000000,1,4396370000000,26400000,1973572195
1704585639969000000,1,4396370000000,6600000,1973572196
1704585640174000000,1,4396370000000,500000,1973572197
1704585640278000000,1,4396370000000,2000000,1973572198
1704585640496000000,1,4396370000000,600000,1973572199
1704585640861000000,-1,4396360000000,3100000,1973572200
1704585641205000000,1,4396370000000,400000,1973572201
1704585641216000000,-1,4396360000000,91500000,1973572202
1704585641231000000,-1,4396350000000,11700000,1973572203
1704585641231000000,-1,4396340000000,300000,1973572204
1704585641237000000,-1,4396330000000,100000,1973572205
1704585641237000000,-1,4396320000000,300000,1973572206
1704585641237000000,-1,4396300000000,1000000,1973572207
1704585641237000000,-1,4396250000000,1000000,1973572208
1704585641237000000,-1,4396240000000,100000,1973572209
1704585641237000000,-1,4396220000000,800000,1973572210
1704585641237000000,-1,4396200000000,2100000,1973572211
1704585641237000000,-1,4396180000000,100000,1973572212
1704585641582000000,1,4396160000000,300000,1973572213
1704585642184000000,1,4396160000000,54400000,1973572214
1704585642354000000,-1,4396150000000,1000000,1973572215
1704585642495000000,-1,4396150000000,17000000,1973572216
1704585642926000000,-1,4396150000000,5000000,1973572217
1704585643073000000,-1,4396150000000,6100000,1973572218
1704585643090000000,-1,4396140000000,700000,1973572219
1704585643090000000,-1,4396100000000,22600000,1973572220
1704585643095000000,-1,4396060000000,300000,1973572221
1704585643095000000,-1,4396050000000,1100000,1973572222
1704585643095000000,-1,4396040000000,200000,1973572223
1704585643095000000,-1,4396020000000,100000,1973572224
1704585643095000000,-1,4396010000000,106200000,1973572225
1704585643102000000,-1,4396000000000,3100000,1973572226
1704585643102000000,-1,4395980000000,3700000,1973572227
1704585643102000000,-1,4395950000000,24300000,1973572228
1704585643409000000,-1,4395950000000,700000,1973572229
1704585643526000000,1,4395960000000,1000000,1973572230
1704585643657000000,-1,4395950000000,1300000,1973572231
1704585643853000000,1,4395960000000,10000000,1973572232
1704585644377000000,-1,4395950000000,59000000,1973572233
1704585644753000000,1,4395960000000,1800000,1973572234
1704585644837000000,-1,4395950000000,300000,1973572235
1704585646017000000,-1,4395950000000,700000,1973572236
1704585646209000000,1,4395960000000,2600000,1973572237
1704585646349000000,1,4395960000000,11000000,1973572238
1704585646511000000,-1,4395950000000,28900000,1973572239
1704585646627000000,1,4395960000000,300000,1973572240
1704585647268000000,1,4395960000000,1200000,1973572241
1704585647505000000,-1,4395950000000,1600000,1973572242
1704585647748000000,-1,4395950000000,2100000,1973572243
1704585648403000000,-1,4395950000000,800000,1973572244
1704585648926000000,-1,4395950000000,1000000,1973572245
1704585648960000000,1,4395960000000,300000,1973572246
1704585649140000000,1,4395960000000,15700000,1973572247
1704585649430000000,1,4395960000000,4800000,1973572248
1704585649553000000,-1,4395950000000,93700000,1973572249
1704585649899000000,-1,4395950000000,17300000,1973572250
1704585650120000000,-1,4395950000000,126000000,1973572251
1704585650613000000,-1,4395950000000,17400000,1973572252
1704585650709000000,1,4395960000000,9000000,1973572253
1704585651931000000,-1,4395950000000,100000,1973572254
1704585652222000000,1,4395960000000,400000,1973572255
1704585652375000000,-1,4395950000000,300000,1973572256
1704585652809000000,1,4395960000000,600000,1973572257
1704585652881000000,-1,4395950000000,31500000,1973572258
1704585652984000000,1,4395960000000,2200000,1973572259
1704585653803000000,1,4395960000000,6300000,1973572260
1704585654196000000,-1,4395950000000,52500000,1973572261
1704585654256000000,1,4395960000000,1500000,1973572262
1704585654431000000,1,4395960000000,600000,1973572263
1704585655076000000,-1,4395950000000,53200000,1973572264
1704585655624000000,-1,4395950000000,113700000,1973572265
1704585655809000000,-1,4395950000000,56200000,1973572266
1704585656143000000,-1,4395950000000,33000000,1973572267
1704585656204000000,1,4395960000000,500000,1973572268
1704585656265000000,-1,4395950000000,15900000,1973572269
1704585656485000000,1,4395960000000,400000,1973572270
1704585656561000000,-1,4395950000000,800000,1973572271
1704585656584000000,1,4395960000000,10000000,1973572272
1704585656612000000,-1,4395950000000,71700000,1973572273
1704585657118000000,1,4395960000000,1200000,1973572274
1704585657209000000,-1,4395950000000,100900000,1973572275
1704585657838000000,-1,4395950000000,500000,1973572276
1704585658093000000,-1,4395950000000,300000,1973572277
1704585658453000000,-1,4395950000000,200000000,1973572278
1704585658881000000,-1,4395950000000,1500000,1973572279
1704585659704000000,-1,4395950000000,1400000,1973572280
1704585659928000000,-1,4395950000000,12100000,1973572281
1704585660067000000,-1,4395950000000,800000,1973572282
1704585660346000000,-1,4395950000000,7000000,1973572283
1704585660601000000,-1,4395950000000,1200000,1973572284
1704585660702000000,1,4395960000000,600000,1973572285
1704585660854000000,-1,4395950000000,16600000,1973572286
1704585660910000000,1,4395960000000,3000000,1973572287
1704585660941000000,-1,4395950000000,1100000,1973572288
1704585661023000000,1,4395960000000,500000,1973572289
1704585661351000000,-1,4395950000000,1600000,1973572290
1704585661678000000,-1,4395950000000,13700000,1973572291
1704585661899000000,-1,4395950000000,200000,1973572292
1704585662173000000,-1,4395950000000,10000000,1973572293
1704585662445000000,-1,4395950000000,1000000,1973572294
1704585662926000000,-1,4395950000000,65000000,1973572295
1704585662926000000,1,4395960000000,500000,1973572296
1704585662973000000,-1,4395950000000,300000,1973572297
1704585662983000000,1,4395960000000,1800000,1973572298
1704585663102000000,1,4395960000000,1700000,1973572299
1704585663253000000,-1,4395950000000,12100000,1973572300
1704585663659000000,-1,4395950000000,800000,1973572301
1704585663664000000,1,4395960000000,300000,1973572302
1704585663946000000,-1,4395950000000,5700000,1973572303
1704585664202000000,-1,4395950000000,118000000,1973572304
1704585664425000000,1,4395960000000,5500000,1973572305
1704585664614000000,1,4395960000000,16000000,1973572306
1704585665104000000,1,4395960000000,500000,1973572307
1704585665226000000,1,4395960000000,1000000,1973572308
1704585665279000000,-1,4395950000000,18800000,1973572309
1704585665480000000,-1,4395950000000,800000,1973572310
1704585665922000000,1,4395960000000,17600000,1973572311
1704585666270000000,1,4395960000000,36000000,1973572312
1704585666299000000,-1,4395950000000,1700000,1973572313
1704585666422000000,-1,4395950000000,26700000,1973572314
1704585666492000000,1,4395960000000,1000000,1973572315
1704585666692000000,1,4395960000000,600000,1973572316
1704585667029000000,-1,4395950000000,9700000,1973572317
1704585667417000000,1,4395960000000,10000000,1973572318
1704585667601000000,1,4395960000000,1100000,1973572319
1704585667699000000,-1,4395950000000,1400000,1973572320
1704585667885000000,1,4395960000000,74900000,1973572321
1704585667990000000,1,4395960000000,8000000,1973572322
1704585668002000000,-1,4395950000000,17200000,1973572323
1704585668029000000,1,4395960000000,67700000,1973572324
1704585668135000000,-1,4395950000000,7000000,1973572325
1704585668396000000,1,4395960000000,23900000,1973572326
1704585668661000000,1,4395960000000,300000,1973572327
1704585668819000000,-1,4395950000000,8100000,1973572328
1704585669088000000,1,4395960000000,1000000,1973572329
1704585669749000000,-1,4395950000000,2200000,1973572330
1704585669775000000,1,4395960000000,10000000,1973572331
1704585669954000000,-1,4395950000000,4200000,1973572332
1704585670025000000,1,4395960000000,1500000,1973572333
1704585670368000000,1,4395960000000,2600000,1973572334
1704585670987000000,-1,4395950000000,1347000000,1973572335
1704585671007000000,-1,4395940000000,57200000,1973572336
1704585671007000000,-1,4395930000000,56100000,1973572337
1704585671007000000,-1,4395920000000,73800000,1973572338
1704585671007000000,-1,4395910000000,100000,1973572339
1704585671007000000,-1,4395900000000,23700000,1973572340
1704585671007000000,-1,4395880000000,5500000,1973572341
1704585671007000000,-1,4395870000000,200000,1973572342
1704585671007000000,-1,4395850000000,1000000,1973572343
1704585671007000000,-1,4395840000000,200000,1973572344
1704585671007000000,-1,4395810000000,100000,1973572345
1704585671007000000,-1,4395800000000,1000000,1973572346
1704585671009000000,-1,4395790000000,24200000,1973572347
1704585671009000000,-1,4395780000000,400000,1973572348
1704585671009000000,-1,4395760000000,300000,1973572349
1704585671009000000,-1,4395750000000,18000000,1973572350
1704585671009000000,-1,4395740000000,600000,1973572351
1704585671009000000,-1,4395700000000,64700000,1973572352
1704585671009000000,-1,4395690000000,19700000,1973572353
1704585671009000000,-1,4395680000000,4500000,1973572354
1704585671009000000,-1,4395670000000,109600000,1973572355
1704585671012000000,-1,4395660000000,11500000,1973572356
1704585671012000000,-1,4395650000000,1700000,1973572357
1704585671012000000,-1,4395630000000,36600000,1973572358
1704585671013000000,-1,4395620000000,100000,1973572359
1704585671013000000,-1,4395600000000,5600000,1973572360
1704585671013000000,-1,4395590000000,500000,1973572361
1704585671013000000,-1,4395580000000,4600000,1973572362
1704585671013000000,-1,4395560000000,300000,1973572363
1704585671013000000,-1,4395550000000,1600000,1973572364
1704585671013000000,-1,4395540000000,100000,1973572365
1704585671013000000,-1,4395530000000,200000,1973572366
1704585671013000000,-1,4395520000000,16000000,1973572367
1704585671016000000,-1,4395510000000,11300000,1973572368
1704585671016000000,-1,4395500000000,16700000,1973572369
1704585671017000000,-1,4395480000000,65900000,1973572370
1704585671017000000,-1,4395470000000,3500000,1973572371
1704585671017000000,-1,4395460000000,3500000,1973572372
1704585671018000000,-1,4395450000000,1000000,1973572373
1704585671018000000,-1,4395440000000,2900000,1973572374
1704585671018000000,-1,4395430000000,186000000,1973572375
1704585671018000000,-1,4395420000000,300000,1973572376
1704585671018000000,-1,4395410000000,4600000,1973572377
1704585671024000000,-1,4395650000000,300000,1973572378
1704585671024000000,-1,4395570000000,300000,1973572379
1704585671024000000,-1,4395530000000,23500000,1973572380
1704585671027000000,-1,4395400000000,1000000,1973572381
1704585671031000000,-1,4395420000000,2500000,1973572382
1704585671076000000,-1,4395370000000,1200000,1973572383
1704585671106000000,1,4395380000000,6900000,1973572384
1704585671127000000,-1,4395370000000,9000000,1973572385
1704585671199000000,1,4395380000000,900000,1973572386
1704585671775000000,-1,4395370000000,700000,1973572387
1704585672241000000,1,4395380000000,1000000,1973572388
1704585672258000000,-1,4395370000000,1900000,1973572389
1704585672370000000,1,4395380000000,1800000,1973572390
1704585673158000000,-1,4395370000000,13200000,1973572391
1704585673267000000,-1,4395370000000,2200000,1973572392
1704585673411000000,1,4395380000000,1500000,1973572393
1704585673420000000,-1,4395370000000,3200000,1973572394
1704585673660000000,1,4395380000000,3700000,1973572395
1704585673763000000,-1,4395370000000,624900000,1973572396
1704585673833000000,-1,4395360000000,101000000,1973572397
1704585673845000000,-1,4395310000000,300000,1973572398
1704585673845000000,-1,4395300000000,36600000,1973572399
1704585673851000000,-1,4395260000000,53300000,1973572400
1704585673851000000,-1,4395230000000,800000,1973572401
1704585673863000000,-1,4395200000000,41900000,1973572402
1704585673863000000,-1,4395180000000,300000,1973572403
1704585673863000000,-1,4395170000000,1300000,1973572404
1704585673863000000,-1,4395150000000,2100000,1973572405
1704585673863000000,-1,4395140000000,300000,1973572406
1704585673863000000,-1,4395120000000,800000,1973572407
1704585673869000000,-1,4395100000000,37000000,1973572408
1704585673869000000,-1,4395090000000,58300000,1973572409
1704585674480000000,1,4395070000000,5000000,1973572410
1704585674480000000,-1,4395060000000,8600000,1973572411
1704585675370000000,-1,4395060000000,1300000,1973572412
1704585675459000000,1,4395070000000,1000000,1973572413
1704585675686000000,-1,4395060000000,18000000,1973572414
1704585675838000000,-1,4395060000000,525900000,1973572415
1704585675847000000,-1,4395050000000,700000,1973572416
1704585675847000000,-1,4395000000000,29100000,1973572417
1704585675848000000,-1,4394980000000,36000000,1973572418
1704585675848000000,-1,4394950000000,1300000,1973572419
1704585675848000000,-1,4394910000000,300000,1973572420
1704585675848000000,-1,4394900000000,1000000,1973572421
1704585675848000000,-1,4394870000000,109100000,1973572422
1704585675848000000,-1,4394860000000,21100000,1973572423
1704585675852000000,-1,4394850000000,1000000,1973572424
1704585675859000000,-1,4394780000000,4700000,1973572425
1704585675859000000,-1,4394760000000,900000,1973572426
1704585675859000000,-1,4394750000000,5600000,1973572427
1704585675859000000,-1,4394740000000,3500000,1973572428
1704585675859000000,-1,4394730000000,15200000,1973572429
1704585675859000000,-1,4394720000000,4600000,1973572430
1704585675880000000,-1,4394710000000,1700000,1973572431
1704585675906000000,-1,4394700000000,4600000,1973572432
1704585675920000000,-1,4394640000000,300000,1973572433
1704585675920000000,-1,4394630000000,400000,1973572434
1704585675920000000,-1,4394600000000,36300000,1973572435
1704585675940000000,-1,4394560000000,27000000,1973572436
1704585675940000000,-1,4394550000000,1000000,1973572437
1704585675941000000,-1,4394510000000,10800000,1973572438
1704585675947000000,-1,4394500000000,63600000,1973572439
1704585675985000000,-1,4394480000000,2300000,1973572440
1704585675986000000,-1,4394450000000,3000000,1973572441
1704585675996000000,-1,4394440000000,2000000,1973572442
1704585675996000000,-1,4394430000000,2000000,1973572443
1704585675996000000,-1,4394400000000,300000,1973572444
1704585676276000000,1,4394380000000,500000,1973572445
1704585676511000000,-1,4394370000000,3300000,1973572446
1704585676589000000,1,4394380000000,1000000,1973572447
1704585676613000000,-1,4394370000000,25700000,1973572448
1704585677022000000,1,4394380000000,13000000,1973572449
1704585677131000000,1,4394380000000,17200000,1973572450
1704585677213000000,-1,4394370000000,7100000,1973572451
1704585677243000000,1,4394380000000,5900000,1973572452
1704585677361000000,1,4394380000000,5400000,1973572453
1704585677537000000,-1,4394370000000,1000000,1973572454
1704585677843000000,-1,4394370000000,117000000,1973572455
1704585678090000000,-1,4394370000000,24800000,1973572456
1704585678300000000,1,4394380000000,18100000,1973572457
1704585678397000000,-1,4394370000000,5600000,1973572458
1704585678498000000,-1,4394370000000,8500000,1973572459
1704585678650000000,-1,4394370000000,14500000,1973572460
1704585679106000000,-1,4394370000000,2600000,1973572461
1704585679447000000,-1,4394370000000,24800000,1973572462
1704585679663000000,-1,4394370000000,1700000,1973572463
1704585679805000000,-1,4394370000000,1900000,1973572464
1704585679987000000,-1,4394370000000,450200000,1973572465
1704585680013000000,1,4394380000000,7500000,1973572466
1704585680049000000,-1,4394370000000,88200000,1973572467
1704585680049000000,-1,4394360000000,300000,1973572468
1704585680049000000,-1,4394350000000,800000,1973572469
1704585680059000000,-1,4394300000000,37400000,1973572470
1704585680068000000,-1,4394280000000,5600000,1973572471
1704585680068000000,-1,4394250000000,1000000,1973572472
1704585680068000000,-1,4394230000000,300000,1973572473
1704585680146000000,1,4394240000000,1900000,1973572474
1704585680225000000,-1,4394230000000,700000,1973572475
1704585680228000000,1,4394240000000,100000000,1973572476
1704585680255000000,-1,4394230000000,300000,1973572477
1704585680538000000,-1,4394230000000,6800000,1973572478
1704585680720000000,-1,4394230000000,1000000,1973572479
1704585681191000000,1,4394240000000,3100000,1973572480
1704585681196000000,-1,4394230000000,183700000,1973572481
1704585681196000000,-1,4394220000000,700000,1973572482
1704585681196000000,-1,4394200000000,38500000,1973572483
1704585681228000000,-1,4394190000000,1600000,1973572484
1704585681228000000,-1,4394170000000,49100000,1973572485
1704585681236000000,1,4394180000000,1600000,1973572486
1704585681309000000,-1,4394170000000,13700000,1973572487
1704585681355000000,-1,4394160000000,300000,1973572488
1704585681355000000,-1,4394150000000,3800000,1973572489
1704585681355000000,-1,4394120000000,300000,1973572490
1704585681355000000,-1,4394100000000,1400000,1973572491
1704585681376000000,1,4394110000000,2100000,1973572492
1704585681623000000,-1,4394100000000,1400000,1973572493
1704585681879000000,-1,4394100000000,49300000,1973572494
1704585682094000000,-1,4394100000000,600000,1973572495
1704585682506000000,-1,4394100000000,461500000,1973572496
1704585682739000000,1,4394110000000,7700000,1973572497
1704585682880000000,1,4394110000000,51700000,1973572498
1704585682915000000,-1,4394100000000,114200000,1973572499
1704585683231000000,1,4394110000000,6600000,1973572500
1704585683459000000,-1,4394100000000,7700000,1973572501
1704585683724000000,-1,4394100000000,250000000,1973572502
1704585683748000000,1,4394110000000,6800000,1973572503
1704585683757000000,-1,4394100000000,20000000,1973572504
1704585683772000000,1,4394110000000,24500000,1973572505
1704585683967000000,-1,4394100000000,52100000,1973572506
1704585684119000000,-1,4394100000000,20000000,1973572507
1704585684411000000,1,4394110000000,38900000,1973572508
1704585684727000000,-1,4394100000000,900000,1973572509
1704585684876000000,-1,4394100000000,7900000,1973572510
1704585685050000000,-1,4394100000000,1100000,1973572511
1704585685053000000,1,4394110000000,800000,1973572512
1704585685251000000,-1,4394100000000,67400000,1973572513
1704585685437000000,-1,4394100000000,16900000,1973572514
1704585685547000000,1,4394110000000,3600000,1973572515
1704585685664000000,1,4394110000000,5700000,1973572516
1704585685688000000,1,4394120000000,300000,1973572517
1704585685688000000,1,4394170000000,2100000,1973572518
1704585685688000000,1,4394180000000,2000000,1973572519
1704585685830000000,-1,4394220000000,500000000,1973572520
1704585685830000000,1,4394230000000,5300000,1973572521
1704585686011000000,-1,4394220000000,300000,1973572522
1704585686046000000,1,4394230000000,14700000,1973572523
1704585686046000000,1,4394240000000,300000,1973572524
1704585686046000000,1,4394290000000,49200000,1973572525
1704585686046000000,1,4394310000000,56800000,1973572526
1704585686048000000,1,4394330000000,10000000,1973572527
1704585686048000000,1,4394370000000,17700000,1973572528
1704585686048000000,1,4394380000000,11600000,1973572529
1704585686059000000,1,4394540000000,8300000,1973572530
1704585686073000000,-1,4394560000000,1300000,1973572531
1704585686137000000,1,4394600000000,300000,1973572532
1704585686137000000,1,4394650000000,300000,1973572533
1704585686137000000,1,4394660000000,300000,1973572534
1704585686137000000,1,4394680000000,1600000,1973572535
1704585686159000000,1,4394890000000,1300000,1973572536
1704585686159000000,1,4394920000000,1000000,1973572537
1704585686171000000,-1,4394940000000,3400000,1973572538
1704585686176000000,1,4394950000000,5700000,1973572539
1704585686212000000,1,4394960000000,300000,1973572540
1704585686212000000,1,4394980000000,300000,1973572541
1704585686259000000,1,4395000000000,800000,1973572542
1704585686371000000,1,4395000000000,400000,1973572543
1704585686819000000,1,4395000000000,1500000,1973572544
1704585686956000000,1,4395000000000,6700000,1973572545
1704585687179000000,-1,4394990000000,13100000,1973572546
1704585687542000000,-1,4394990000000,600000,1973572547
1704585687657000000,1,4395000000000,6600000,1973572548
1704585687987000000,-1,4394990000000,22500000,1973572549
1704585688160000000,-1,4394990000000,17200000,1973572550
1704585688313000000,-1,4394990000000,400000,1973572551
1704585688353000000,1,4395000000000,6200000,1973572552
1704585688503000000,-1,4394990000000,500000000,1973572553
1704585688788000000,1,4395000000000,6500000,1973572554
1704585688788000000,1,4395010000000,900000,1973572555
1704585688788000000,1,4395090000000,44900000,1973572556
1704585688788000000,1,4395100000000,36000000,1973572557
1704585688788000000,1,4395140000000,600000,1973572558
1704585688788000000,1,4395150000000,45000000,1973572559
1704585688788000000,1,4395160000000,56800000,1973572560
1704585688788000000,1,4395200000000,28000000,1973572561
1704585688788000000,1,4395220000000,10800000,1973572562
1704585688788000000,1,4395260000000,10700000,1973572563
1704585688788000000,1,4395270000000,300000,1973572564
1704585688788000000,1,4395290000000,500000,1973572565
1704585688788000000,1,4395300000000,300000,1973572566
1704585688788000000,1,4395330000000,1300000,1973572567
1704585688791000000,1,4395350000000,300000,1973572568
1704585688791000000,1,4395360000000,14800000,1973572569
1704585688791000000,1,4395370000000,43600000,1973572570
1704585688791000000,1,4395380000000,400000,1973572571
1704585688791000000,1,4395390000000,45000000,1973572572
1704585688791000000,1,4395400000000,11700000,1973572573
1704585688791000000,1,4395420000000,43300000,1973572574
1704585688791000000,1,4395450000000,300000,1973572575
1704585688791000000,1,4395460000000,300000,1973572576
1704585688791000000,1,4395480000000,2000000,1973572577
1704585688791000000,1,4395490000000,136700000,1973572578
1704585688794000000,1,4395500000000,161400000,1973572579
1704585688849000000,1,4395510000000,2300000,1973572580
1704585688849000000,1,4395540000000,17300000,1973572581
1704585688849000000,1,4395550000000,2300000,1973572582
1704585688849000000,1,4395590000000,1700000,1973572583
1704585688849000000,1,4395600000000,7000000,1973572584
1704585688849000000,1,4395650000000,2800000,1973572585
1704585688849000000,1,4395680000000,5300000,1973572586
1704585688849000000,1,4395700000000,3300000,1973572587
1704585688849000000,1,4395720000000,46000000,1973572588
1704585688859000000,1,4395710000000,67500000,1973572589
1704585688919000000,1,4395760000000,2300000,1973572590
1704585688919000000,1,4395770000000,1100000,1973572591
1704585688919000000,1,4395780000000,300000,1973572592
1704585688919000000,1,4395800000000,300000,1973572593
1704585689030000000,1,4395810000000,300000,1973572594
1704585689030000000,1,4395850000000,1000000,1973572595
1704585689030000000,1,4395860000000,300000,1973572596
1704585689030000000,1,4395890000000,2200000,1973572597
1704585689030000000,1,4395900000000,1800000,1973572598
1704585689030000000,1,4395950000000,1000000,1973572599
1704585689030000000,1,4395960000000,1000000,1973572600
1704585689041000000,-1,4395990000000,3900000,1973572601
1704585689203000000,1,4396000000000,183100000,1973572602
1704585689364000000,1,4396010000000,700000,1973572603
1704585690370000000,1,4396010000000,2700000,1973572604
1704585690488000000,1,4396080000000,300000,1973572605
1704585690488000000,1,4396090000000,300000,1973572606
1704585690488000000,1,4396130000000,10100000,1973572607
1704585691071000000,-1,4396120000000,10800000,1973572608
1704585691176000000,1,4396130000000,15600000,1973572609
1704585691390000000,-1,4396120000000,2300000,1973572610
1704585691534000000,-1,4396120000000,113800000,1973572611
1704585691787000000,-1,4396120000000,3600000,1973572612
1704585692585000000,1,4396130000000,78000000,1973572613
1704585692585000000,1,4396140000000,300000,1973572614
1704585692585000000,1,4396150000000,11500000,1973572615
1704585692585000000,1,4396160000000,300000,1973572616
1704585692585000000,1,4396170000000,24100000,1973572617
1704585692658000000,1,4396300000000,12800000,1973572618
1704585692745000000,-1,4396290000000,90900000,1973572619
1704585693115000000,-1,4396290000000,11100000,1973572620
1704585693129000000,1,4396300000000,1000000,1973572621
1704585693129000000,1,4396310000000,1100000,1973572622
1704585693129000000,1,4396350000000,1000000,1973572623
1704585693129000000,1,4396360000000,9400000,1973572624
1704585693245000000,1,4396370000000,41800000,1973572625
1704585693245000000,1,4396380000000,300000,1973572626
1704585693245000000,1,4396420000000,6800000,1973572627
1704585693246000000,1,4396440000000,7500000,1973572628
1704585693246000000,1,4396450000000,57800000,1973572629
1704585693246000000,1,4396500000000,16000000,1973572630
1704585693246000000,1,4396550000000,1000000,1973572631
1704585693246000000,1,4396570000000,33200000,1973572632
1704585693246000000,1,4396600000000,14900000,1973572633
1704585693779000000,1,4396600000000,10300000,1973572634
1704585693779000000,1,4396650000000,2700000,1973572635
1704585693779000000,1,4396660000000,300000,1973572636
1704585693779000000,1,4396670000000,10000000,1973572637
1704585693779000000,1,4396680000000,8200000,1973572638
1704585693779000000,1,4396700000000,16300000,1973572639
1704585693779000000,1,4396730000000,300000,1973572640
1704585693780000000,1,4396750000000,57800000,1973572641
1704585693780000000,1,4396800000000,37000000,1973572642
1704585693780000000,1,4396830000000,1600000,1973572643
1704585693780000000,1,4396850000000,1000000,1973572644
1704585693780000000,1,4396860000000,78900000,1973572645
1704585693939000000,1,4396900000000,11000000,1973572646
1704585694027000000,1,4396940000000,300000,1973572647
1704585694027000000,1,4396950000000,1000000,1973572648
1704585694027000000,1,4396990000000,24000000,1973572649
1704585694027000000,1,4397000000000,95700000,1973572650
1704585694027000000,1,4397040000000,10700000,1973572651
1704585694027000000,1,4397050000000,1300000,1973572652
1704585694027000000,1,4397070000000,300000,1973572653
1704585694027000000,1,4397080000000,800000,1973572654
1704585694027000000,1,4397090000000,1400000,1973572655
1704585694027000000,1,4397100000000,37000000,1973572656
1704585694027000000,1,4397120000000,1900000,1973572657
1704585694093000000,-1,4397130000000,15100000,1973572658
1704585694093000000,1,4397140000000,300000,1973572659
1704585694510000000,1,4397140000000,7600000,1973572660
1704585694760000000,-1,4397130000000,14600000,1973572661
1704585695060000000,1,4397140000000,500000,1973572662
1704585695332000000,1,4397140000000,1000000,1973572663
1704585695522000000,1,4397140000000,700000,1973572664
1704585695834000000,1,4397140000000,1400000,1973572665
1704585695896000000,-1,4397130000000,400000,1973572666
1704585695984000000,1,4397140000000,800000,1973572667
1704585696391000000,1,4397140000000,3500000,1973572668
1704585697015000000,1,4397140000000,600000,1973572669
1704585697110000000,-1,4397130000000,5300000,1973572670
1704585697116000000,1,4397140000000,5000000,1973572671
1704585697315000000,1,4397140000000,23400000,1973572672
1704585697315000000,1,4397150000000,300000,1973572673
1704585697315000000,1,4397160000000,300000,1973572674
1704585697480000000,1,4397220000000,1000000,1973572675
1704585697508000000,-1,4397210000000,1900000,1973572676
1704585697511000000,1,4397220000000,7600000,1973572677
1704585698053000000,1,4397220000000,1100000,1973572678
1704585698461000000,1,4397220000000,500000,1973572679
1704585698461000000,1,4397230000000,300000,1973572680
1704585698461000000,1,4397250000000,1000000,1973572681
1704585698461000000,1,4397260000000,1800000,1973572682
1704585698638000000,1,4397260000000,20100000,1973572683
1704585698740000000,1,4397260000000,41800000,1973572684
1704585698740000000,1,4397270000000,1500000,1973572685
1704585698740000000,1,4397280000000,800000,1973572686
1704585698740000000,1,4397310000000,3800000,1973572687
1704585698841000000,1,4397310000000,4400000,1973572688
1704585699093000000,1,4397310000000,53000000,1973572689
1704585699256000000,-1,4397300000000,7800000,1973572690
1704585699466000000,1,4397310000000,400000,1973572691
1704585699997000000,1,4397310000000,47700000,1973572692
1704585700164000000,1,4397310000000,70300000,1973572693
1704585700417000000,1,4397310000000,2900000,1973572694
1704585700475000000,-1,4397300000000,1200000,1973572695
1704585700507000000,1,4397310000000,4700000,1973572696
1704585701124000000,1,4397310000000,2300000,1973572697
1704585701431000000,1,4397310000000,300000,1973572698
1704585701499000000,-1,4397300000000,1400000,1973572699
1704585701507000000,1,4397310000000,218400000,1973572700
1704585701649000000,1,4397360000000,300000,1973572701
1704585702046000000,1,4397360000000,700000,1973572702
1704585702349000000,-1,4397350000000,1600000,1973572703
1704585702558000000,1,4397360000000,400000,1973572704
1704585702558000000,1,4397370000000,600000,1973572705
1704585702558000000,1,4397380000000,300000,1973572706
1704585702558000000,1,4397400000000,800000,1973572707
1704585702558000000,1,4397410000000,1100000,1973572708
1704585702868000000,1,4397410000000,400000,1973572709
1704585702868000000,1,4397420000000,100000,1973572710
1704585703064000000,1,4397460000000,600000,1973572711
1704585703167000000,1,4397460000000,1000000,1973572712
1704585703270000000,1,4397460000000,500000,1973572713
1704585703789000000,1,4397460000000,6300000,1973572714
1704585704111000000,1,4397460000000,61000000,1973572715
1704585704175000000,1,4397470000000,300000,1973572716
1704585704175000000,1,4397490000000,43700000,1973572717
1704585704175000000,1,4397500000000,62300000,1973572718
1704585704182000000,1,4397530000000,21500000,1973572719
1704585704182000000,1,4397540000000,900000,1973572720
1704585704200000000,1,4397550000000,1300000,1973572721
1704585704200000000,1,4397570000000,300000,1973572722
1704585704200000000,1,4397600000000,1000000,1973572723
1704585704234000000,1,4397630000000,3500000,1973572724
1704585704284000000,-1,4397620000000,21000000,1973572725
1704585704418000000,1,4397630000000,6800000,1973572726
1704585704529000000,1,4397630000000,3500000,1973572727
1704585704563000000,-1,4397620000000,1500000,1973572728
1704585704719000000,-1,4397620000000,1900000,1973572729
1704585705042000000,1,4397630000000,600000,1973572730
1704585705143000000,1,4397630000000,1000000,1973572731
1704585705200000000,-1,4397620000000,5800000,1973572732
1704585705553000000,-1,4397620000000,16800000,1973572733
1704585705561000000,1,4397630000000,400000,1973572734
1704585705662000000,1,4397630000000,300000,1973572735
1704585705869000000,1,4397630000000,5800000,1973572736
1704585705989000000,1,4397630000000,800000,1973572737
1704585706229000000,-1,4397620000000,300000,1973572738
1704585706403000000,-1,4397620000000,400000,1973572739
1704585706462000000,1,4397630000000,6600000,1973572740
1704585706683000000,1,4397630000000,14400000,1973572741
1704585706741000000,-1,4397620000000,700000,1973572742
1704585706837000000,1,4397630000000,9700000,1973572743
1704585707000000000,1,4397630000000,227300000,1973572744
1704585707102000000,1,4397630000000,5200000,1973572745
1704585707325000000,1,4397630000000,194700000,1973572746
1704585707350000000,-1,4397620000000,9700000,1973572747
1704585707359000000,1,4397630000000,134800000,1973572748
1704585707366000000,1,4397640000000,300000,1973572749
1704585707607000000,-1,4397680000000,300000,1973572750
1704585707685000000,1,4397690000000,2300000,1973572751
1704585707959000000,-1,4397680000000,1000000,1973572752
1704585708022000000,1,4397690000000,3300000,1973572753
1704585708103000000,-1,4397680000000,4500000,1973572754
1704585708305000000,-1,4397680000000,27300000,1973572755
1704585708462000000,1,4397690000000,2400000,1973572756
1704585708533000000,-1,4397680000000,300000,1973572757
1704585708561000000,1,4397690000000,3700000,1973572758
1704585708836000000,-1,4397680000000,7100000,1973572759
1704585709017000000,-1,4397680000000,500000,1973572760
1704585709077000000,1,4397690000000,600000,1973572761
1704585709180000000,1,4397690000000,1000000,1973572762
1704585709282000000,1,4397690000000,300000,1973572763
1704585709342000000,-1,4397680000000,2800000,1973572764
1704585709538000000,1,4397690000000,1400000,1973572765
1704585709600000000,-1,4397680000000,10800000,1973572766
1704585709694000000,1,4397690000000,300000,1973572767
1704585709774000000,-1,4397680000000,51400000,1973572768
1704585709971000000,1,4397690000000,900000,1973572769
1704585709994000000,-1,4397680000000,21000000,1973572770
1704585710004000000,1,4397690000000,800000,1973572771
1704585710290000000,1,4397690000000,1000000,1973572772
1704585710416000000,1,4397690000000,3300000,1973572773
1704585710655000000,-1,4397680000000,22700000,1973572774
1704585710760000000,1,4397690000000,200000000,1973572775
1704585710861000000,-1,4397680000000,1900000,1973572776
1704585710978000000,-1,4397680000000,76100000,1973572777
1704585710985000000,1,4397690000000,358100000,1973572778
1704585711128000000,1,4397690000000,2300000,1973572779
1704585711321000000,-1,4397680000000,75500000,1973572780
1704585711467000000,1,4397690000000,1200000,1973572781
1704585711622000000,1,4397690000000,117000000,1973572782
1704585711782000000,-1,4397680000000,1000000,1973572783
1704585711914000000,-1,4397680000000,500000,1973572784
1704585712026000000,-1,4397680000000,29600000,1973572785
1704585712048000000,1,4397690000000,800000,1973572786
1704585712297000000,1,4397690000000,1900000,1973572787
1704585712370000000,-1,4397680000000,15100000,1973572788
1704585712464000000,1,4397690000000,3600000,1973572789
1704585712521000000,-1,4397680000000,10900000,1973572790
1704585712566000000,1,4397690000000,3100000,1973572791
1704585712641000000,-1,4397680000000,52500000,1973572792
1704585712777000000,1,4397690000000,51600000,1973572793
1704585713002000000,1,4397690000000,2200000,1973572794
1704585713106000000,1,4397690000000,900000,1973572795
1704585713209000000,1,4397690000000,800000,1973572796
1704585713405000000,1,4397690000000,7100000,1973572797
1704585713627000000,1,4397690000000,300000,1973572798
1704585713949000000,-1,4397680000000,1200000,1973572799
1704585714061000000,1,4397690000000,800000,1973572800
1704585714419000000,-1,4397680000000,9200000,1973572801
1704585714504000000,1,4397690000000,3200000,1973572802
1704585714865000000,1,4397690000000,12700000,1973572803
1704585715119000000,1,4397690000000,1600000,1973572804
1704585715322000000,1,4397690000000,9700000,1973572805
1704585715552000000,1,4397690000000,400000,1973572806
1704585715929000000,1,4397690000000,1000000,1973572807
1704585715972000000,-1,4397680000000,200000,1973572808
1704585715984000000,1,4397690000000,6900000,1973572809
1704585716111000000,-1,4397680000000,300000,1973572810
1704585716360000000,1,4397690000000,3700000,1973572811
1704585716500000000,1,4397690000000,3200000,1973572812
1704585716605000000,1,4397690000000,400000,1973572813
1704585716764000000,-1,4397680000000,45000000,1973572814
1704585716841000000,1,4397690000000,21200000,1973572815
1704585716903000000,-1,4397680000000,96400000,1973572816
1704585716904000000,-1,4397670000000,739100000,1973572817
1704585716916000000,-1,4397630000000,15300000,1973572818
1704585716916000000,-1,4397620000000,18000000,1973572819
1704585716917000000,-1,4397540000000,18800000,1973572820
1704585716917000000,-1,4397520000000,20800000,1973572821
1704585716920000000,-1,4397480000000,15000000,1973572822
1704585716922000000,-1,4397450000000,2500000,1973572823
1704585717255000000,1,4397360000000,1100000,1973572824
1704585717462000000,-1,4397350000000,2700000,1973572825
1704585718535000000,-1,4397350000000,1500000,1973572826
1704585718590000000,1,4397360000000,800000,1973572827
1704585719111000000,-1,4397350000000,300000,1973572828
1704585719207000000,1,4397360000000,23400000,1973572829
1704585719423000000,-1,4397350000000,3400000,1973572830
1704585719756000000,-1,4397350000000,6700000,1973572831
1704585719959000000,-1,4397350000000,25200000,1973572832
1704585720807000000,1,4397360000000,400000,1973572833
1704585720813000000,-1,4397350000000,2200000,1973572834
1704585720837000000,1,4397360000000,5300000,1973572835
1704585721014000000,-1,4397350000000,1500000,1973572836
1704585721050000000,1,4397360000000,1100000,1973572837
1704585721084000000,-1,4397350000000,1500000,1973572838
1704585721158000000,1,4397360000000,200000000,1973572839
1704585721534000000,1,4397360000000,400000,1973572840
1704585721698000000,1,4397360000000,1000000,1973572841
1704585721814000000,-1,4397350000000,7300000,1973572842
1704585722004000000,1,4397360000000,32700000,1973572843
1704585722120000000,1,4397360000000,1100000,1973572844
1704585722278000000,1,4397360000000,11600000,1973572845
1704585722561000000,1,4397360000000,22200000,1973572846
1704585723015000000,1,4397360000000,22600000,1973572847
1704585723071000000,-1,4397350000000,21100000,1973572848
1704585723224000000,1,4397360000000,10000000,1973572849
1704585723468000000,-1,4397350000000,3000000,1973572850
1704585723934000000,-1,4397350000000,41600000,1973572851
1704585724258000000,1,4397360000000,600000,1973572852
1704585724747000000,1,4397360000000,35000000,1973572853
1704585724748000000,1,4397370000000,300000,1973572854
1704585724748000000,1,4397430000000,34000000,1973572855
1704585724748000000,1,4397440000000,3500000,1973572856
1704585724748000000,1,4397480000000,48300000,1973572857
1704585724748000000,1,4397500000000,49100000,1973572858
1704585724748000000,1,4397550000000,1000000,1973572859
1704585724748000000,1,4397560000000,2300000,1973572860
1704585724748000000,1,4397600000000,1000000,1973572861
1704585724748000000,1,4397620000000,300000,1973572862
1704585724748000000,1,4397650000000,1000000,1973572863
1704585724748000000,1,4397690000000,23000000,1973572864
1704585724748000000,1,4397700000000,3600000,1973572865
1704585724748000000,1,4397730000000,23400000,1973572866
1704585724748000000,1,4397740000000,4100000,1973572867
1704585724748000000,1,4397750000000,1300000,1973572868
1704585724748000000,1,4397780000000,300000,1973572869
1704585724748000000,1,4397800000000,29100000,1973572870
1704585724749000000,1,4397820000000,800000,1973572871
1704585724749000000,1,4397830000000,56800000,1973572872
1704585724749000000,1,4397850000000,13400000,1973572873
1704585724749000000,1,4397860000000,300000,1973572874
1704585724749000000,1,4397890000000,11400000,1973572875
1704585724749000000,1,4397900000000,1600000,1973572876
1704585724749000000,1,4397910000000,15000000,1973572877
1704585724749000000,1,4397920000000,5300000,1973572878
1704585724749000000,1,4397930000000,10700000,1973572879
1704585724749000000,1,4397950000000,45600000,1973572880
1704585724749000000,1,4397960000000,43600000,1973572881
1704585724749000000,1,4397970000000,28700000,1973572882
1704585724749000000,1,4397980000000,41200000,1973572883
1704585724781000000,1,4397990000000,6900000,1973572884
1704585725192000000,1,4397990000000,43300000,1973572885
1704585726032000000,1,4397990000000,9000000,1973572886
1704585726217000000,-1,4397980000000,2900000,1973572887
1704585726410000000,1,4397990000000,300000,1973572888
1704585726448000000,-1,4397980000000,900000,1973572889
1704585726571000000,1,4397990000000,2300000,1973572890
1704585726860000000,-1,4397980000000,300000,1973572891
1704585727026000000,1,4397990000000,600000,1973572892
1704585727224000000,1,4397990000000,33900000,1973572893
1704585727424000000,1,4397990000000,600000,1973572894
1704585727625000000,1,4397990000000,600000,1973572895
1704585727691000000,-1,4397980000000,5400000,1973572896
1704585728016000000,1,4397990000000,800000,1973572897
1704585728122000000,1,4397990000000,27800000,1973572898
1704585728267000000,1,4397990000000,18600000,1973572899
1704585728457000000,1,4397990000000,3900000,1973572900
1704585729014000000,-1,4397980000000,4500000,1973572901
1704585729058000000,1,4397990000000,15400000,1973572902
1704585729161000000,1,4397990000000,500000,1973572903
1704585729565000000,1,4397990000000,400000,1973572904
1704585729671000000,1,4397990000000,300000,1973572905
1704585729821000000,1,4397990000000,2700000,1973572906
1704585729981000000,1,4397990000000,1400000,1973572907
1704585730109000000,-1,4397980000000,2500000,1973572908
1704585730333000000,-1,4397980000000,100000000,1973572909
1704585730403000000,1,4397990000000,3200000,1973572910
1704585730619000000,1,4397990000000,2000000,1973572911
1704585730829000000,1,4397990000000,2000000,1973572912
1704585730875000000,-1,4397980000000,1000000,1973572913
1704585730988000000,1,4397990000000,3900000,1973572914
1704585731129000000,1,4397990000000,300000,1973572915
1704585731343000000,-1,4397980000000,9300000,1973572916
1704585731436000000,1,4397990000000,300000,1973572917
1704585731471000000,-1,4397980000000,52600000,1973572918
1704585731503000000,-1,4397970000000,16700000,1973572919
1704585731503000000,-1,4397950000000,25200000,1973572920
1704585731503000000,-1,4397900000000,300000,1973572921
1704585731503000000,-1,4397840000000,800000,1973572922
1704585731503000000,-1,4397830000000,300000,1973572923
1704585731503000000,-1,4397800000000,5500000,1973572924
1704585731503000000,-1,4397770000000,100000,1973572925
1704585731503000000,-1,4397730000000,32200000,1973572926
1704585731503000000,-1,4397720000000,10900000,1973572927
1704585731503000000,-1,4397710000000,19100000,1973572928
1704585731503000000,-1,4397690000000,10800000,1973572929
1704585731503000000,-1,4397680000000,100000,1973572930
1704585731503000000,-1,4397660000000,2500000,1973572931
1704585731503000000,-1,4397640000000,26700000,1973572932
1704585731503000000,-1,4397620000000,800000,1973572933
1704585731503000000,-1,4397610000000,300000,1973572934
1704585731503000000,-1,4397580000000,1800000,1973572935
1704585731593000000,1,4397590000000,1600000,1973572936
1704585731911000000,1,4397590000000,3300000,1973572937
1704585732142000000,1,4397590000000,800000,1973572938
1704585732470000000,1,4397590000000,4100000,1973572939
1704585732574000000,-1,4397580000000,22700000,1973572940
1704585732879000000,1,4397590000000,22700000,1973572941
1704585733088000000,1,4397590000000,1000000,1973572942
1704585733293000000,1,4397590000000,15500000,1973572943
1704585733399000000,-1,4397580000000,10700000,1973572944
1704585733608000000,1,4397590000000,23600000,1973572945
1704585734050000000,1,4397590000000,160200000,1973572946
1704585734284000000,1,4397730000000,900000,1973572947
1704585734301000000,-1,4397720000000,12500000,1973572948
1704585734537000000,1,4397730000000,2400000,1973572949
1704585734537000000,1,4397740000000,300000,1973572950
1704585734537000000,1,4397750000000,500000,1973572951
1704585734604000000,-1,4397790000000,15200000,1973572952
1704585734750000000,1,4397800000000,600000,1973572953
1704585734814000000,-1,4397790000000,44300000,1973572954
1704585734883000000,1,4397800000000,13600000,1973572955
1704585735074000000,1,4397800000000,19600000,1973572956
1704585735179000000,1,4397800000000,500000,1973572957
1704585735281000000,-1,4397790000000,1500000,1973572958
1704585735550000000,1,4397800000000,10000000,1973572959
1704585735680000000,1,4397800000000,1000000,1973572960
1704585735684000000,-1,4397790000000,3300000,1973572961
1704585735847000000,1,4397800000000,7600000,1973572962
1704585735847000000,1,4397810000000,42400000,1973572963
1704585735952000000,1,4397810000000,10100000,1973572964
1704585735967000000,1,4397820000000,300000,1973572965
1704585735967000000,1,4397850000000,100000,1973572966
1704585735991000000,-1,4397860000000,18000000,1973572967
1704585736012000000,1,4397870000000,10100000,1973572968
1704585736376000000,1,4397880000000,1100000,1973572969
1704585736520000000,1,4397880000000,3900000,1973572970
1704585736628000000,1,4397880000000,15100000,1973572971
1704585736792000000,1,4397880000000,3100000,1973572972
1704585736841000000,-1,4397870000000,400000,1973572973
1704585736926000000,1,4397880000000,600000,1973572974
1704585736932000000,-1,4397870000000,2400000,1973572975
1704585736954000000,1,4397880000000,3800000,1973572976
1704585737118000000,1,4397880000000,3200000,1973572977
1704585737240000000,1,4397880000000,3800000,1973572978
1704585737360000000,1,4397880000000,4800000,1973572979
1704585737491000000,1,4397880000000,5000000,1973572980
1704585737637000000,1,4397880000000,8300000,1973572981
1704585738414000000,1,4397880000000,10000000,1973572982
1704585738741000000,-1,4397870000000,9200000,1973572983
1704585739157000000,-1,4397870000000,54500000,1973572984
1704585739164000000,1,4397880000000,276300000,1973572985
1704585739650000000,1,4397880000000,700000,1973572986
1704585739829000000,1,4397880000000,18900000,1973572987
1704585740332000000,-1,4397870000000,1400000,1973572988
1704585740389000000,1,4397880000000,3400000,1973572989
1704585741142000000,-1,4397870000000,300000,1973572990
1704585741475000000,1,4397880000000,11800000,1973572991
1704585742259000000,1,4397880000000,237100000,1973572992
1704585742711000000,-1,4397870000000,40000000,1973572993
1704585743134000000,1,4397880000000,1300000,1973572994
1704585743280000000,-1,4397870000000,132100000,1973572995
1704585743280000000,-1,4397860000000,4600000,1973572996
1704585743280000000,-1,4397820000000,90300000,1973572997
1704585743280000000,-1,4397800000000,57500000,1973572998
1704585743286000000,-1,4397790000000,500000,1973572999
1704585743328000000,-1,4397630000000,2800000,1973573000
1704585743329000000,-1,4397620000000,300000,1973573001
1704585743329000000,-1,4397580000000,600000,1973573002
1704585743636000000,1,4397590000000,500000,1973573003
1704585743808000000,-1,4397580000000,3000000,1973573004
1704585744083000000,-1,4397580000000,2300000,1973573005
1704585744429000000,1,4397590000000,20700000,1973573006
1704585744456000000,-1,4397580000000,10000000,1973573007
1704585744608000000,-1,4397580000000,6200000,1973573008
1704585744881000000,1,4397590000000,19900000,1973573009
1704585745123000000,1,4397590000000,2700000,1973573010
1704585745170000000,-1,4397580000000,2500000,1973573011
1704585745301000000,1,4397590000000,194400000,1973573012
1704585745871000000,-1,4397580000000,300000,1973573013
1704585746065000000,-1,4397580000000,10000000,1973573014
1704585746587000000,-1,4397580000000,600000,1973573015
1704585746878000000,1,4397590000000,1000000,1973573016
1704585746887000000,-1,4397580000000,5600000,1973573017
1704585746940000000,1,4397590000000,600000,1973573018
1704585747574000000,1,4397590000000,20400000,1973573019
1704585748041000000,1,4397590000000,33900000,1973573020
1704585748673000000,-1,4397580000000,4300000,1973573021
1704585748941000000,1,4397590000000,5000000,1973573022
1704585749649000000,-1,4397580000000,500000,1973573023
1704585749865000000,-1,4397580000000,500000,1973573024
1704585750087000000,1,4397590000000,4400000,1973573025
1704585750421000000,-1,4397580000000,452900000,1973573026
1704585750423000000,-1,4397570000000,700000,1973573027
1704585750423000000,-1,4397520000000,300000,1973573028
1704585750429000000,-1,4397480000000,100000,1973573029
1704585750429000000,-1,4397450000000,157100000,1973573030
1704585750429000000,-1,4397420000000,100000,1973573031
1704585750429000000,-1,4397400000000,300000,1973573032
1704585750431000000,-1,4397360000000,136200000,1973573033
1704585750433000000,-1,4397350000000,12200000,1973573034
1704585750441000000,-1,4397330000000,100000,1973573035
1704585750445000000,-1,4397310000000,11200000,1973573036
1704585750445000000,-1,4397300000000,11400000,1973573037
1704585750445000000,-1,4397290000000,200000,1973573038
1704585750445000000,-1,4397280000000,100000,1973573039
1704585750463000000,-1,4397170000000,300000,1973573040
1704585750463000000,-1,4397140000000,300000,1973573041
1704585750463000000,-1,4397120000000,1100000,1973573042
1704585750481000000,-1,4397100000000,900000,1973573043
1704585750481000000,-1,4397080000000,300000,1973573044
1704585750514000000,-1,4397050000000,4500000,1973573045
1704585750515000000,-1,4397040000000,10700000,1973573046
1704585750518000000,-1,4396960000000,9100000,1973573047
1704585750518000000,-1,4396940000000,300000,1973573048
1704585750518000000,-1,4396930000000,1100000,1973573049
1704585750518000000,-1,4396900000000,76700000,1973573050
1704585750518000000,-1,4396750000000,26300000,1973573051
1704585750518000000,-1,4396730000000,900000,1973573052
1704585750518000000,-1,4396710000000,102300000,1973573053
1704585750518000000,-1,4396700000000,2500000,1973573054
1704585750518000000,-1,4396690000000,1200000,1973573055
1704585750518000000,-1,4396680000000,4900000,1973573056
1704585750518000000,-1,4396660000000,300000,1973573057
1704585750518000000,-1,4396650000000,300000,1973573058
1704585750518000000,-1,4396640000000,3100000,1973573059
1704585750518000000,-1,4396630000000,6800000,1973573060
1704585750518000000,-1,4396620000000,90900000,1973573061
1704585750518000000,-1,4396600000000,5200000,1973573062
1704585750518000000,-1,4396590000000,4600000,1973573063
1704585750518000000,-1,4396580000000,13800000,1973573064
1704585750518000000,-1,4396570000000,135600000,1973573065
1704585750518000000,-1,4396560000000,19200000,1973573066
1704585750531000000,1,4396770000000,1700000,1973573067
1704585750606000000,-1,4396450000000,2300000,1973573068
1704585750612000000,-1,4396400000000,1000000,1973573069
1704585750663000000,1,4396390000000,1400000,1973573070
1704585750663000000,-1,4396380000000,300000,1973573071
1704585750663000000,1,4396390000000,2300000,1973573072
1704585750672000000,-1,4396380000000,41700000,1973573073
1704585750846000000,1,4396390000000,5900000,1973573074
1704585751470000000,-1,4396380000000,10000000,1973573075
1704585751615000000,1,4396390000000,124900000,1973573076
1704585751673000000,-1,4396380000000,21400000,1973573077
1704585751765000000,1,4396390000000,500000,1973573078
1704585751831000000,-1,4396380000000,14200000,1973573079
1704585751839000000,1,4396390000000,52400000,1973573080
1704585751877000000,-1,4396380000000,174300000,1973573081
1704585751877000000,-1,4396370000000,50800000,1973573082
1704585751877000000,-1,4396350000000,1000000,1973573083
1704585751877000000,-1,4396310000000,22200000,1973573084
1704585751877000000,-1,4396300000000,1000000,1973573085
1704585751877000000,-1,4396280000000,1800000,1973573086
1704585751877000000,-1,4396260000000,76400000,1973573087
1704585751877000000,-1,4396250000000,2000000,1973573088
1704585751877000000,-1,4396240000000,800000,1973573089
1704585751877000000,-1,4396230000000,300000,1973573090
1704585751877000000,-1,4396220000000,2200000,1973573091
1704585751877000000,-1,4396200000000,1500000,1973573092
1704585751877000000,-1,4396150000000,23400000,1973573093
1704585751881000000,-1,4396140000000,8000000,1973573094
1704585751881000000,-1,4396120000000,4100000,1973573095
1704585751881000000,-1,4396100000000,1000000,1973573096
1704585751881000000,-1,4396090000000,5600000,1973573097
1704585751881000000,-1,4396070000000,11400000,1973573098
1704585751881000000,-1,4396060000000,300000,1973573099
1704585751881000000,-1,4396050000000,1000000,1973573100
1704585751881000000,-1,4396040000000,600000,1973573101
1704585751881000000,-1,4396030000000,11300000,1973573102
1704585751881000000,-1,4396020000000,82200000,1973573103
1704585751881000000,-1,4396010000000,4900000,1973573104
1704585751881000000,-1,4396000000000,1800000,1973573105
1704585751881000000,-1,4395980000000,7600000,1973573106
1704585751976000000,1,4396020000000,400000,1973573107
1704585752032000000,-1,4396010000000,9100000,1973573108
1704585752115000000,1,4396020000000,44800000,1973573109
1704585752122000000,1,4396030000000,300000,1973573110
1704585752122000000,1,4396040000000,500000,1973573111
1704585752122000000,1,4396050000000,500000,1973573112
1704585752122000000,1,4396100000000,500000,1973573113
1704585752187000000,-1,4396340000000,1000000,1973573114
1704585752187000000,1,4396350000000,600000,1973573115
1704585752559000000,1,4396350000000,1700000,1973573116
1704585752713000000,1,4396350000000,22700000,1973573117
1704585752838000000,1,4396350000000,4000000,1973573118
1704585753040000000,-1,4396340000000,190900000,1973573119
1704585753040000000,-1,4396330000000,300000,1973573120
1704585753040000000,-1,4396310000000,50500000,1973573121
1704585753040000000,-1,4396290000000,45200000,1973573122
1704585753315000000,1,4396300000000,600000,1973573123
1704585753686000000,-1,4396290000000,3800000,1973573124
1704585753811000000,1,4396300000000,900000,1973573125
1704585754033000000,1,4396300000000,20000000,1973573126
1704585754207000000,1,4396300000000,17700000,1973573127
1704585754442000000,1,4396300000000,300000,1973573128
1704585754609000000,-1,4396290000000,500000,1973573129
1704585754739000000,1,4396300000000,8000000,1973573130
1704585754779000000,-1,4396290000000,11400000,1973573131
1704585754779000000,-1,4396280000000,300000,1973573132
1704585754779000000,-1,4396200000000,800000,1973573133
1704585754779000000,-1,4396100000000,17100000,1973573134
1704585754874000000,-1,4396080000000,200000,1973573135
1704585754874000000,-1,4396070000000,300000,1973573136
1704585754874000000,-1,4396040000000,500000,1973573137
1704585754887000000,1,4396020000000,19400000,1973573138
1704585754887000000,-1,4396010000000,1100000,1973573139
1704585754963000000,-1,4395970000000,5500000,1973573140
1704585754964000000,-1,4395960000000,300000,1973573141
1704585754964000000,-1,4395950000000,700000,1973573142
1704585754975000000,-1,4395940000000,300000,1973573143
1704585754975000000,-1,4395900000000,1000000,1973573144
1704585754975000000,-1,4395860000000,800000,1973573145
1704585754975000000,-1,4395850000000,1500000,1973573146
1704585754975000000,-1,4395800000000,1000000,1973573147
1704585754975000000,-1,4395760000000,500000,1973573148
1704585754975000000,-1,4395750000000,1000000,1973573149
1704585755405000000,1,4395720000000,42000000,1973573150
1704585755600000000,-1,4395710000000,1600000,1973573151
1704585756115000000,-1,4395710000000,4100000,1973573152
1704585756348000000,1,4395720000000,154400000,1973573153
1704585756447000000,1,4395730000000,300000,1973573154
1704585756447000000,1,4395860000000,1700000,1973573155
1704585756949000000,1,4395950000000,1600000,1973573156
1704585756949000000,1,4395960000000,300000,1973573157
1704585756949000000,1,4396050000000,1100000,1973573158
1704585756949000000,1,4396080000000,100000,1973573159
1704585757774000000,-1,4396070000000,10500000,1973573160
1704585758019000000,-1,4396070000000,91900000,1973573161
1704585758262000000,-1,4396070000000,4400000,1973573162
1704585759031000000,-1,4396070000000,29900000,1973573163
1704585759282000000,-1,4396070000000,400000,1973573164
1704585759318000000,1,4396080000000,378600000,1973573165
1704585759318000000,1,4396090000000,21300000,1973573166
1704585759318000000,1,4396100000000,54100000,1973573167
1704585759318000000,1,4396110000000,2700000,1973573168
1704585759318000000,1,4396150000000,3000000,1973573169
1704585759318000000,1,4396170000000,11400000,1973573170
1704585759318000000,1,4396210000000,2900000,1973573171
1704585759318000000,1,4396230000000,400000,1973573172
1704585759318000000,1,4396250000000,6900000,1973573173
1704585759318000000,1,4396280000000,3700000,1973573174
1704585759318000000,1,4396300000000,1300000,1973573175
1704585759318000000,1,4396320000000,300000,1973573176
1704585759318000000,1,4396340000000,6900000,1973573177
1704585759318000000,1,4396350000000,2200000,1973573178
1704585759318000000,1,4396380000000,43800000,1973573179
1704585759318000000,1,4396390000000,18900000,1973573180
1704585759318000000,1,4396400000000,67500000,1973573181
1704585759318000000,1,4396410000000,300000,1973573182
1704585759318000000,1,4396420000000,2400000,1973573183
1704585759318000000,1,4396430000000,1800000,1973573184
1704585759318000000,1,4396440000000,800000,1973573185
1704585759318000000,1,4396450000000,400000,1973573186
1704585759318000000,1,4396500000000,3000000,1973573187
1704585759318000000,1,4396520000000,1800000,1973573188
1704585759318000000,1,4396530000000,22500000,1973573189
1704585759318000000,1,4396540000000,54400000,1973573190
1704585759318000000,1,4396550000000,55100000,1973573191
1704585759318000000,1,4396560000000,54500000,1973573192
1704585759318000000,1,4396570000000,65600000,1973573193
1704585759318000000,1,4396580000000,53100000,1973573194
